2730 4726
167 291 255 363 1328
495 305 654 357 rucsarr
679 303 954 365 enunciamus

167 473 277 523 rerum
292 451 439 518 sustines
453 452 575 517 molem
590 451 774 534 incipiente
790 451 939 518 virtute·
959 451 992 519 3.
1008 453 1170 520 Gesseris
1184 454 1274 523 cuitu

169 557 277 623 multa
290 556 420 622 sortiter
434 556 524 633 licet,
539 557 645 621 multa
659 555 839 638 sapienter,
855 575 931 622 cum
946 575 1006 640 per
1027 558 1199 622 maximos
1218 559 1274 623 tri·

168 659 336 724 bnnatusi
358 658 525 742 stipendia
539 658 648 741 prima
664 657 872 738 conficeres;
895 659 1037 738 sentias,
1053 679 1192 727 necesse
1207 669 1275 740 est,

168 758 1029 844 tantaeanspicialortunae,Imperatoradolescens.
1068 760 1275 845 Quanquam

167 863 251 948 qnid
273 883 335 946 ego
356 863 390 928 iu
412 870 446 928 te
468 863 581 929 aetatis
600 869 670 927 tuce
691 862 936 945 potiusquam
957 864 1133 946 gravitatis
1154 884 1277 931 nomen

168 967 323 1051 usurpat
347 966 442 1051 cnjus
464 971 561 1032 tauta
579 966 754 1030 maturitas
777 972 841 1041 eet,
856 971 905 1044 nt,
921 985 997 1031 curn
1019 967 1085 1030 tibi
1101 972 1199 1050 pater
1213 967 1276 1033 im·

168 1072 296 1156 perium
312 1068 515 1152 reliquisset,
531 1068 680 1133 Caesaris
695 1076 808 1133 tamen
828 1068 1055 1151 appellatione
1076 1066 1277 1136 contentusd

168 1178 350 1257 expectare
371 1171 546 1249 malueris,
562 1177 598 1237 ut
619 1171 708 1236 idem
735 1177 781 1251 te,
798 1171 856 1254 qui
878 1171 984 1249 illum,
999 1170 1188 1237 declararet
1205 1171 1280 1236 Au·

167 1282 315 1359 gustum.
358 1276 392 1339 4.
415 1274 589 1359 Siquidem
604 1275 718 1356 ipsum
734 1275 911 1357 imperium
932 1274 996 1339 hoc
1013 1275 1085 1339 fore
1099 1273 1277 1356 pulchrius

164 1378 359 1463 judicabas,
380 1377 410 1440 ei
437 1376 472 1441 id
496 1396 560 1442 uun
582 1376 828 1442 haereditarium
850 1396 894 1442 ex
916 1376 1132 1442 successione
1151 1376 1277 1440 crevis-

169 1499 236 1558 ses,
250 1478 313 1544 sed
327 1478 503 1544 virtutibus
519 1480 583 1544 tuis
598 1478 748 1545 debitum
763 1499 785 1544 a
798 1499 929 1545 summo
942 1478 1151 1561 Imperatore
1166 1497 1279 1545 meru·

170 1601 273 1649 isses.
418 1600 421 1604 ·
1268 1638 1272 1645 ,

213 1683 305 1749 Cae.
329 1699 379 1747 vr.
424 1683 456 1746 l.
481 1681 604 1767 Neque
621 1684 709 1750 enim
725 1682 876 1762 dubium,
893 1685 974 1768 quin
991 1684 1054 1749 tibi
1074 1689 1203 1749 mature
1218 1702 1280 1748 sa·

170 1806 264 1851 crum
285 1787 377 1852 istud
401 1787 569 1868 fastigium
593 1781 716 1853 di'uinae
739 1787 922 1871 potestatis.
945 1792 1122 1865 astrueret,
1151 1785 1209 1868 qui
1240 1793 1278 1850 te

165 1891 237 1975 jam
262 1890 341 1955 olim
366 1890 432 1953 sibi
458 1909 629 1972 generum,
649 1890 754 1953 etiam
778 1895 857 1952 ante
880 1908 983 1972 quam
1006 1894 1121 1971 petere
1143 1906 1279 1970 posses,

171 1997 293 2075 sponte
307 1991 491 2074 delegerat.
534 1992 566 2056 2.
589 1991 669 2057 Hoc
684 1992 785 2069 enim,
801 1995 837 2066 ut
852 1991 964 2068 audin,
980 1990 1093 2072 imago
1113 1989 1196 2055 illa⁸
1218 1988 1279 2054 dc·

171 2095 281 2160 clarat
304 2095 337 2159 in
361 2092 577 2179 Aquileiensi
602 2088 757 2176 palatio,f
775 2092 821 2157 ad
847 2093 959 2176 ipsum
986 2092 1133 2157 convivii
1163 2091 1281 2175 posita

171 2204 358 2281 aspectum,
383 2198 442 2260 nbi
466 2196 578 2280 puella
599 2194 672 2279 jam
696 2196 811 2260 diuino
837 2195 958 2260 decore
984 2194 1193 2273 venerabilia,
1217 2192 1280 2259 sed

171 2297 281 2362 adhuc
297 2300 405 2381 impar
418 2299 510 2362 oneri
525 2318 599 2376 suo,
615 2300 769 2376 sustinet,
784 2307 888 2382 atque
904 2297 999 2364 offert
1014 2298 1076 2362 tibi
1090 2297 1280 2362 etiamtum

205 2505 218 2530 ⁰
237 2499 268 2546 Et
280 2498 323 2546 tac
339 2497 417 2561 prima
431 2500 503 2547 oetate
513 2512 658 2547 summarum
671 2502 885 2558 rerumgestarum
895 2497 1123 2562 glariaproestares.

206 2559 217 2593 ⁶
233 2563 359 2613 Maximus
370 2562 489 2613 triduans.

636 2672 818 2696 benennon

172 2803 242 2840 surse
253 2803 277 2837 a.
288 2797 409 2854 promecas
416 2805 426 2849 ,·
445 2791 510 2840 Exc.
523 2788 604 2852 Laug.
615 2795 641 2837 et
652 2787 714 2837 edd.
726 2793 836 2838 receutt.
863 2793 999 2851 manemus,
1013 2785 1081 2850 quod
1093 2801 1144 2837 non
1155 2786 1282 2850 displicet

174 2854 313 2905 Grutero:
336 2857 373 2904 sic
396 2857 475 2905 etiam
499 2855 566 2918 conj.
588 2851 691 2903 Acidal.
714 2853 810 2901 ‘Male
832 2852 945 2916 Grrelplr.
964 2852 1132 2915 incipientem!
1153 2853 1283 2902 Arata-

173 2924 189 2968 8
207 2920 322 2982 Guelplr.
337 2922 392 2969 licet
406 2923 479 2970 muita
489 2918 601 2980 sortiter.
628 2920 702 2979 utar,
711 2918 789 2981 prium
801 2916 874 2966 deest
886 2919 911 2967 iu
925 2918 1033 2980 Crispin.
1060 2918 1187 2980 Stipendia
1197 2917 1282 2980 putris

169 2985 292 3033 Rhenau.
309 2984 345 3033 H.
363 2992 391 3035 et
411 2986 443 3035 P.
459 2986 548 3046 steph.
564 2992 592 3033 et
611 2984 698 3032 Riuin.
724 2983 844 3044 stipendia
858 2983 950 3047 publica
965 2983 1080 3046 Gnelplr.
1108 2982 1182 3031 ldem
1194 2982 1282 3035 codex

173 3063 245 3109 mox,
256 3051 380 3112 imperium
391 3055 468 3111 pater.
494 3051 612 3098 Rtreusu.
624 3049 660 3097 H.
673 3056 700 3096 et
712 3049 744 3097 P.
756 3049 848 3108 Steph.
859 3049 961 3096 declaret
968 3064 978 3105 ,·
996 3049 1057 3098 Vet·
1069 3049 1183 3097 Putean.
1194 3047 1282 3096 Livia.

174 3122 203 3163 et
215 3123 328 3163 recenti.
342 3116 532 3164 declararet-4
551 3114 640 3162 Codex
654 3114 781 3176 Bongars.
796 3112 831 3174 ip.
843 3112 968 3176 imperium
979 3112 1095 3171 lricsare,·
1112 3128 1144 3161 ex
1157 3126 1209 3178 quo
1218 3127 1282 3161 con·

171 3178 284 3242 jiciebat
296 3178 433 3241 legendum
444 3180 491 3228 tic.
520 3179 637 3240 Sequens
648 3179 670 3224 si
682 3178 708 3225 id
720 3179 831 3226 asseruit
843 3179 927 3227 Lirin.
938 3177 970 3226 ad
985 3180 1093 3227 Eumeu.
1108 3193 1155 3240 pro
1164 3179 1282 3228 Instaur.

174 3244 261 3293 sinat.
284 3257 347 3292 xvr.
367 3247 393 3292 4.
420 3243 562 3293 successione
577 3242 678 3306 cepisses
695 3242 780 3292 Moerl.
803 3242 873 3291 Gud.
899 3242 1017 3291 erenau.
1037 3243 1127 3304 Steph.
1150 3244 1283 3292 Livinei

174 3308 291 3422 gahausei.
318 3323 339 3357 s.
357 3308 464 3372 cepisses
482 3308 588 3372 Cuspin.
615 3323 636 3355 s.
650 3307 762 3355 crevisses
781 3307 842 3356 Ver.
859 3307 941 3356 Lirin.
955 3307 1056 3356 Bertiu.
1077 3307 1237 3357 parisienses
1254 3314 1283 3357 et

198 3386 213 3421 e
235 3387 272 3422 er.
1237 3379 1241 3386 ·

210 3437 278 3486 Cae.
291 3449 329 3485 vn
355 3439 368 3484 l
386 3435 521 3498 ‘dueum
530 3449 579 3484 esse
590 3440 646 3484 nate
656 3449 735 3497 qaam,
748 3437 791 3496 ipe.
809 3434 856 3482 sed
869 3435 1000 3496 vulgatum
1013 3443 1052 3484 est
1062 3433 1174 3483 fortius.¹
1193 3435 1283 3485 Arata·

175 3505 225 3550 -2
240 3501 257 3554 J
261 3507 347 3551 uretus
359 3501 425 3565 conj.
436 3503 550 3564 adipsum
559 3499 678 3550 connubii.
705 3498 772 3548 Vide
784 3499 861 3549 Nott.
870 3499 946 3549 Vari.
980 3500 1032 3549 Pro
1044 3500 1155 3562 aestuet,
1166 3499 1285 3551 Rhenan.

671 3645 782 3697 NOTAE

176 3759 280 3794 cursum
299 3743 384 3794 etatis
402 3758 454 3793 non
473 3743 666 3808 expectandum
683 3743 709 3792 in
750 3742 873 3809 quiddam
885 3749 936 3803 est,
948 3756 1023 3807 quam
1036 3746 1065 3791 nt
1084 3742 1168 3791 lucum
1188 3740 1285 3791 hbeat

176 3819 345 3870 festinatione
362 3819 483 3869 virtutis?
751 3820 776 3869 in
786 3816 903 3869 historia.

209 3895 403 3958 dAppellaticuc
416 3893 551 3956 contentus]
570 3895 640 3948 Huic
651 3895 710 3944 loco
783 3894 793 3928 f
818 3894 968 3958 Aquileiensi
988 3892 1090 3957 palatie]
1112 3891 1236 3956 Aquileia
1258 3895 1284 3943 in

177 3971 709 4036 consentiuntErrtropiu's,Zosimus,Vic·
751 3971 829 4022 Italia
850 3972 994 4021 Carnorum
1028 3969 1187 4034 metropolis,
1214 3971 1284 4021 ln'ter

178 4052 229 4106 tor,
239 4050 289 4096 arc.
597 4087 600 4092 .
751 4047 924 4098 Concordiam
941 4046 1031 4095 urbem
1045 4045 1076 4093 ad
1092 4045 1286 4107 Occidentem

209 4129 221 4154 θ
239 4122 321 4184 lmaga
332 4123 387 4186 itta]
404 4123 445 4173 De
460 4122 572 4187 imagine
586 4123 638 4172 ista
654 4124 710 4173 nul·
750 4125 915 4186 Tergestum,
936 4122 969 4171 ad
991 4122 1146 4182 Orientem
1162 4129 1190 4172 et
1213 4137 1285 4173 mere

177 4197 233 4258 libi,
244 4199 312 4262 quod
329 4200 421 4262 sciam,
433 4209 604 4264 preterquam
623 4199 672 4249 lroc
685 4200 713 4250 iu
753 4197 929 4261 Adriaticum,
950 4198 983 4248 ad
1007 4197 1167 4258 Meridiem3
1191 4214 1206 4249 s
1231 4215 1284 4266 quo

178 4276 237 4324 loco
249 4275 347 4326 mentio
361 4282 410 4338 est,
429 4276 474 4326 sed
494 4277 615 4327 nimirum
627 4276 711 4327 levius
753 4276 797 4328 vix
808 4279 833 4325 9.
845 4275 948 4326 milliar.
960 4273 1049 4324 distat.
1065 4273 1174 4337 sputa.
