2730 4726
190 284 278 355 1678
587 295 722 345 narrar
748 296 886 349 racana
927 310 930 315 >

191 445 298 526 exigit
318 440 498 526 disciplina
520 445 714 506 castrorum.
758 440 945 508 Praefectus
967 441 1161 508 attollitur‘t
1184 443 1289 529 impu»

190 546 331 615 neudum
351 549 404 610 est
422 542 603 630 provincie
626 550 739 628 caput.
784 544 913 611 Consul
935 545 1091 610 creaturi
1112 546 1289 615 habiturus

192 655 244 716 ert
262 667 383 713 nomen
405 667 514 712 annus
526 647 557 713 :¹
577 648 625 712 ita
644 648 679 712 in
697 649 835 712 summis
848 648 915 713 illis
929 647 1221 734 pulcherrimisque
1235 653 1290 716 he·

191 753 320 821 nuliciis
340 759 392 818 est
414 751 530 834 aliqua
554 751 746 835 praestantis
767 750 926 815 utilitas?
966 754 999 815 4.
1022 749 1055 815 A
1070 757 1114 830 te,
1128 770 1222 819 noua
1236 755 1290 818 bo·

191 856 365 940 nignitate,
383 854 415 918 is
428 853 547 918 amicis
562 852 670 918 honos
684 852 820 918 habitus
842 860 905 931 est,
924 853 983 938 qui
1001 858 1092 942 totus
1107 863 1202 921 asset
1215 856 1292 922 illm

192 975 275 1036 rum,
294 957 420 1042 quihus
442 955 662 1034 deferebatur,
686 955 836 1038 nihilque
858 970 903 1021 ex
917 975 957 1022 eo
971 957 1017 1021 ad
1032 965 1065 1022 tc
1079 959 1292 1038 redundaret,

192 1060 260 1126 nisi
283 1057 383 1124 dandi
405 1060 583 1142 uoluptas:
606 1059 660 1124 cni
682 1077 758 1124 cum
782 1065 896 1124 essent
920 1059 1013 1125 domi
1037 1060 1126 1138 filii,¹¹
1151 1063 1291 1143 gemina

192 1163 262 1231 illae
276 1182 358 1246 apes
374 1163 528 1245 oculique
543 1161 751 1247 reipublice,
770 1160 884 1227 dilatis
899 1181 1012 1227 eornm
1026 1163 1292 1246 magistratihua

194 1267 345 1333 amicosv
369 1265 566 1330 consulatus
585 1265 733 1329 ornavit·
766 1263 800 1329 {a
821 1263 860 1328 Si
882 1264 1072 1333 mehercule
1094 1266 1148 1331 uir
1170 1266 1230 1331 illc
1244 1268 1292 1331 die
1331 1336 1334 1340 Α

194 1369 303 1446 rinus,
319 1367 489 1433 felicitatis
499 1367 645 1452 publicae
657 1372 787 1444 auctor,
800 1385 921 1450 perena
936 1373 1042 1433 tuus*
1055 1369 1198 1448 vireret,
1210 1368 1292 1452 quid

64 1517 68 1523 -
195 1471 287 1537 aliud
301 1474 512 1554 expectasset
526 1488 547 1534 a
561 1469 644 1546 tilio,
667 1488 771 1554 qnam
793 1476 833 1535 ut
853 1471 1030 1554 nepotibus
1052 1471 1292 1537 anteferreturl

195 1573 392 1639 Presutisti
413 1573 512 1654 igitur
527 1572 658 1650 amicis,
679 1591 748 1657 quo
768 1573 846 1657 plns
867 1592 928 1637 nee
944 1573 1032 1658 patri
1053 1585 1217 1658 praestare
1233 1594 1294 1658 poa

194 1677 328 1744 ruiarea
372 1673 403 1741 Ο
426 1674 666 1743 beneuolentiae
688 1678 755 1740 tuce
779 1675 943 1758 singulare
972 1674 1168 1741 consilium!
1192 1695 1294 1758 angar

193 1789 343 1862 tempore
355 1777 563 1862 dignitatem,
581 1796 659 1862 quae
674 1776 915 1844 incrementum
930 1798 975 1845 ex
990 1779 1215 1861 magnitudine
1228 1797 1295 1844 nou

194 1879 352 1947 hahebat·
395 1880 644 1948 Renuntieutnr
668 1880 770 1946 amici
799 1885 876 1949 ante
903 1880 995 1949 tillus
1019 1887 1098 1945 tuos
1127 1881 1295 1956 consules

196 1985 547 2069 quianoupoterant¹
564 1984 1024 2069 pluscssequamcnusoles.
1286 2040 1289 2045 .

239 2084 331 2153 Car.
349 2101 449 2155 xvu.
485 2089 516 2152 l.
543 2086 610 2153 Eat
624 2104 714 2155 nunc
728 2086 782 2153 sui
796 2087 996 2152 ostentatrix
1009 2091 1174 2164 vetustas,
1186 2092 1225 2152 et.
1234 2085 1296 2152 illa

197 2178 381 2255 ihnumeris
400 2189 568 2255 literarum
592 2190 733 2273 uulgata
754 2189 982 2255 monumentis
998 2188 1108 2274 jactet
1126 2187 1297 2273 exemplar

198 2289 343 2357 Pirithoi
367 2291 486 2357 iidem·
511 2292 687 2376 pradicct
716 2297 750 2359 et
773 2291 988 2359 decantatum
1010 2291 1165 2356 omnihus
1186 2290 1296 2357 scania

198 2392 339 2460 Phocaei
349 2393 488 2478 juvenis
502 2393 617 2464 laudat
634 2393 800 2460 officiumt
827 2393 997 2461 Phintiam
1021 2394 1134 2472 etiam,
1155 2393 1193 2459 si
1205 2393 1297 2459 vide·

198 2503 262 2576 tur,
277 2497 369 2565 dicat
382 2505 414 2562 et
427 2499 594 2577 Damone,
608 2517 750 2584 quornm
760 2498 889 2564 alteria
900 2497 1000 2563 amici
1010 2503 1116 2562 morte
1126 2495 1296 2562 seradem

200 2601 335 2680 obtulit,
355 2600 440 2666 alter
452 2601 496 2666 ad
510 2602 600 2667 diem
617 2602 751 2668 vadatae
767 2603 882 2666 mortis
902 2600 1057 2666 occurrit.
1101 2601 1134 2664 2.
1160 2598 1211 2664 Ut
1224 2598 1298 2664 haec

200 2723 274 2768 esse
289 2723 367 2768 vera
383 2703 570 2785 credamus,
587 2726 664 2790 quea
687 2703 871 2770 mendaciis
894 2712 1011 2769 uatum
1030 2703 1064 2768 in
1079 2702 1222 2788 plausus
1239 2718 1299 2785 ap·

233 2886 242 2920 ⁸
259 2888 360 2938 Narrare
368 2893 404 2939 ert
415 2893 442 2937 ut
457 2888 486 2938 nh
496 2904 523 2939 eo
533 2905 614 2940 romeu
627 2891 763 2951 imponetur
773 2900 843 2939 cuae.

232 2960 252 2986 ¹¹·
268 2952 369 3019 Aliquod
380 2956 522 3004 commodam
529 2955 591 3005 redit
600 2958 632 3006 cd
642 2972 694 3006 rum
705 2956 747 3020 qui
758 2956 817 3005 iilud
825 2959 937 3022 pruriat.

202 3186 267 3230 retr.
279 3195 325 3230 ann
336 3189 399 3233 ruat.
417 3184 478 3233 Vet.
491 3184 602 3233 Putean.
613 3182 684 3232 dalet
694 3185 808 3232 runt.·-d
825 3181 892 3231 llud.
904 3187 969 3230 vett.
979 3193 1029 3231 racc
1039 3181 1142 3230 uarum.
1159 3180 1228 3231 Edd.
1238 3187 1301 3231 vett.

200 3244 357 3310 differebatur
366 3264 376 3307 ,-
392 3250 453 3298 Vat.
463 3246 742 3308 Puteandefireictur,
752 3256 782 3297 ut
792 3248 860 3312 conj.
872 3246 958 3296 Faber
968 3253 997 3296 et
1012 3248 1114 3296 Aeidrl.
1130 3247 1301 3310 wlupteapni

201 3324 254 3359 carr
269 3313 328 3359 edd.
344 3321 408 3362 vett.
426 3316 541 3377 uoluptas.
573 3315 635 3370 Quis
647 3329 708 3369 cum,
727 3314 767 3363 uel
779 3313 964 3362 autumnavit
977 3312 1047 3376 conj.
1059 3311 1213 3362 Acidula-d
1229 3313 1300 3362 ΡΜ·

201 3375 276 3426 dra'eti
286 3377 372 3438 igitur,
383 3382 424 3442 dc.
436 3379 549 3444 Grrelph.
566 3379 694 3445 cntefliior
703 3380 817 3438 cerulea,
829 3379 922 3428 omlrro
933 3384 994 3434 tuor,
1006 3378 1064 3426 Vet.
1075 3377 1190 3425 Putean·
1239 3389 1241 3393 ’

235 3441 303 3490 (lau.
318 3453 390 3492 xvrr.
424 3447 437 3493 1
457 3446 571 3510 Pythium
582 3443 695 3506 Guelph.
706 3454 734 3493 et
749 3444 810 3493 edd.
821 3451 887 3492 retr.
904 3443 1045 3506 Pyrrhum,
1057 3438 1097 3490 rel
1110 3442 1238 3491 Pinthinra
1249 3440 1301 3489 Dr·

202 3505 263 3558 ulel.
279 3508 395 3572 Ptytiom
405 3509 467 3559 Vct.
486 3511 597 3567 Puteum
608 3515 707 3559 mortem
717 3522 751 3565 re,
768 3512 809 3573 isc.
826 3505 895 3574 conj·
910 3507 1062 3560 Acidula-2
1080 3509 1115 3556 Et
1128 3505 1303 3572 hoecGuelph

698 3641 805 3692 NOTAE

236 3747 248 3773 ¹
265 3740 338 3804 Filii]
355 3738 480 3790 Arcadius
492 3745 520 3789 et
531 3739 671 3790 Honorius.
771 3741 805 3790 rui
816 3740 884 3790 illius
899 3737 1065 3800 magistratus
1078 3734 1204 3797 dignitas,
1214 3733 1302 3785 fecisti

235 3816 371 3881 Ἵππου]
389 3818 490 3881 Nempe
507 3815 731 3868 Mamertinumet
772 3824 802 3866 nt
813 3817 896 3880 majus
908 3822 986 3870 esset,
994 3825 1051 3862 cum
1059 3818 1088 3860 ut
1097 3813 1151 3861 cito
1159 3808 1303 3874 conferres,

203 3893 335 3946 Neritum.
444 3922 451 3935 ι
555 3917 557 3920 ·
606 3931 608 3935 .
730 3886 737 3891 ’
771 3886 1137 3943 aortllllserlrnrantetnllrti.

236 3979 253 4008 a
270 3970 625 4038 Porrectuur]'1'heorlorinr.
803 3967 939 4018 ‘Pirithoi
952 3965 1039 4031 fidem]
1068 3965 1112 4012 De
1140 3963 1254 4013 Pirithoi
1276 3971 1304 4013 et

236 4056 250 4084 ¹
268 4048 332 4106 Quia
351 4052 541 4116 conpererant]
569 4047 731 4100 Beneficium
771 4043 1034 4110 monetaneum
1050 4040 1301 4103 Orrrtlr‚Drmonir

205 4117 422 4190 consummantia
431 4128 527 4176 nullum
536 4125 732 4191 majusconier·
771 4134 800 4175 et
811 4123 915 4188 Pythia
927 4135 973 4172 seu
990 4119 1114 4183 Pinthioe,
1130 4117 1302 4171 amicitiani·

206 4215 235 4251 re
246 4202 333 4255 amicir
345 4205 489 4269 potentari
500 4212 732 4270 spectetursupre·
771 4201 886 4264 hildico,
896 4198 1065 4265 quoniumrer
1076 4202 1137 4247 nutu
1147 4204 1198 4246 art.
1261 4207 1298 4237 ·.;
