2730 4726
190 299 278 371 1338
513 313 670 365 suenum
694 306 965 365 rsuscunrcus

190 485 301 532 umore
316 463 457 530 debetis.
503 462 634 537 Restat,
647 471 687 530 ut
700 466 777 548 ipse
789 465 858 542 ills,
873 485 952 550 quse
968 463 1150 549 separatim
1166 464 1210 530 de
1225 467 1290 534 vir·

191 568 320 633 tutibus
348 565 467 630 vestris
491 565 630 631 locutus
649 587 734 655 sum,
761 569 850 632 sicut
870 568 950 632 huic
974 574 1054 632 voto
1076 568 1237 650 congruit,
1256 563 1293 632 in
1333 570 1336 577 '

191 669 353 735 sermonis
366 668 433 732 fine
448 666 661 751 conjungam.
701 670 734 733 2.
757 669 816 733 Dii
831 669 1057 735 immortales!
1077 674 1203 753 quanto
1218 668 1292 734 Ro·

190 792 292 837 mano
313 771 456 854 imperio
472 770 702 836 renovastisi⁸
722 769 897 855 quaejam,
917 777 1024 835 utres
1044 776 1106 848 est,
1120 777 1293 835 cesserant

191 873 366 939 vetustati.
408 871 441 936 3.
465 870 690 948 Maximiano,
712 872 914 955 Imperatori
937 878 1074 949 aeteruo,
1095 871 1292 937 Constanti-

189 973 461 1055 nus,1mperator
474 991 593 1049 novus,
608 972 686 1055 plns
703 975 813 1056 coepit
827 993 915 1050 esse,
929 993 1032 1056 quam
1043 972 1143 1037 filins.
1181 975 1292 1041 Favet

190 1077 247 1143 ille
263 1073 438 1147 crescenti,
455 1073 555 1138 adest
568 1073 633 1138 iste
649 1073 800 1138 seniori.'’
837 1074 1016 1158 Perpetuis
1031 1076 1184 1158 profecto
1195 1085 1208 1114 ⁰
1221 1075 1291 1158 pie-

190 1178 273 1242 tatis
287 1176 450 1260 stirpibus
465 1174 610 1239 affinitas
623 1175 692 1260 isto
706 1177 890 1253 coalescet,
906 1196 982 1260 qum
994 1195 1125 1259 semper
1140 1196 1290 1242 summos

189 1282 225 1347 in
239 1279 413 1364 republica
426 1277 518 1343 viros
533 1275 577 1341 nd
592 1280 804 1344 concordiam
821 1279 1007 1362 copulavit.
1043 1280 1076 1343 4.
1097 1278 1233 1344 Etenim
1248 1279 1291 1358 si,

647 1423 831 1448 octennem

226 1500 295 1551 Cen.
309 1512 375 1549 xrrr.
409 1497 510 1547 lVoe.
525 1499 641 1548 sermonis
659 1496 734 1547 ebert
752 1514 768 1548 a
784 1499 936 1550 Bertine-t·
954 1501 1083 1565 ‘cuspin
1100 1501 1184 1552 Bben.
1203 1501 1295 1564 Stepb.
1322 1498 1327 1529 ⁵

192 1565 276 1616 Lirin.
286 1565 393 1625 babent,
404 1563 482 1613 Fauor
490 1563 532 1612 ille
542 1563 670 1614 uertentis
679 1565 755 1625 adest,
765 1564 812 1614 iste
821 1566 908 1614 usur.
934 1565 1001 1617 Haec
1011 1573 1137 1630 corrupte
1147 1580 1205 1615 esse
1216 1565 1292 1616 focile

192 1630 258 1680 vidit
269 1629 408 1692 Gruterus,
419 1628 531 1690 ingenue
542 1625 636 1688 fusos,
647 1628 737 1676 virium
750 1643 853 1680 suerum
866 1645 918 1679 nou
930 1646 995 1688 esse,
1005 1631 1089 1681 locum
1101 1637 1154 1680 tsur
1170 1632 1238 1680 mule
1248 1632 1293 1680 bs·

190 1695 273 1744 bitum
285 1695 391 1743 sarcire.
417 1694 453 1741 Et
466 1691 583 1758 profecto
595 1694 651 1742 siue
663 1692 786 1742 librorum
797 1709 848 1758 ope
859 1694 956 1746 frustra
967 1695 1062 1746 talibus
1074 1695 1204 1746 medicine
1215 1710 1291 1758 pers·

190 1765 240 1810 tur.
274 1758 408 1808 Acidslins
418 1768 499 1812 certe,
511 1760 629 1822 quemvis
640 1757 712 1806 miris
724 1759 806 1808 modis
817 1776 846 1809 se
858 1769 989 1824 torquent,
995 1762 1057 1810 nibil
1070 1768 1157 1809 tamen
1170 1763 1293 1811 extricat.

191 1825 360 1875 Consolsmus
373 1823 461 1872 libros.
495 1822 610 1872 Primum
624 1838 671 1886 pro
678 1823 752 1882 snoor
762 1824 836 1873 Bert.
847 1834 874 1875 et
885 1827 945 1876 Vet.
956 1826 1042 1877 Livio.
1052 1825 1150 1875 lrsbent
1160 1825 1233 1884 juset
1239 1843 1250 1885 ,·
1265 1833 1295 1875 et

191 1890 374 1952 promerentis
391 1890 458 1937 idem
470 1889 532 1939 Vet.
545 1889 630 1938 bisin.
647 1889 769 1938 crescenti.
802 1890 914 1952 Deinde,
932 1892 971 1941 bis
991 1892 1095 1955 positis,
1115 1905 1224 1954 pronum
1242 1890 1294 1941 fuit

191 1955 309 2006 Liuineio
321 1954 460 2017 conjicere,
471 1968 519 2017 pro
530 1954 609 2003 senior
620 1953 757 2017 legendum
771 1968 827 2004 esse
838 1957 943 2014 seniori;
959 1956 1017 2005 baec
1036 1971 1097 2006 sero
1113 1956 1243 2018 ipsissima
1253 1961 1295 2005 est
1344 1956 1355 2017 'f

190 2021 323 2085 scriptura
333 2018 410 2070 codd.
421 2019 492 2068 (lud.
504 2019 567 2068 Put.
577 2027 605 2069 et
615 2018 701 2069 Moerl.
712 2018 762 2068 uiri
773 2020 841 2084 qnod
853 2021 898 2070 ills
914 2027 1039 2084 corrupte
1056 2021 1135 2070 babet
1144 2021 1231 2079 faceat
1247 2035 1295 2084 pre
1344 1994 1355 2059 -Ῑ

133 2137 138 2147 ,
184 2084 264 2144 sonet.
297 2085 368 2135 Setis
387 2083 467 2134 firmis
487 2083 587 2149 itaque,
604 2084 708 2148 opinor,
727 2084 856 2147 presidiis
867 2086 960 2137 nititur
970 2086 1026 2134 baee
1036 2087 1211 2150 lectio,qusm
1223 2085 1297 2135 Bou*
1346 2088 1351 2113 ³

192 2150 261 2212 nius,
278 2150 368 2199 Peter.
387 2156 414 2198 et
435 2149 562 2198 Cellsrins
584 2148 759 2212 receperunt!
775 2150 868 2212 Joeger.
900 2151 1028 2201 ‘Nullum
1047 2151 1109 2199 mibi
1126 2157 1167 2199 est
1180 2149 1297 2210 dubium,
1345 2158 1355 2203 .⁴-'

192 2217 253 2280 quin
265 2228 328 2264 vers
338 2215 372 2263 sit
383 2213 472 2272 lectio,
487 2228 570 2277 quom.
583 2227 616 2262 ex
634 2212 714 2263 codd.
731 2220 820 2264 tuetur
837 2213 966 2277 Jaegerns.
1000 2216 1049 2266 Est
1060 2229 1123 2264 vero
1137 2217 1145 2243 ‘
1158 2215 1297 2265 crescenr'
1345 2214 1348 2219 '

187 2279 278 2394 {senior
288 2277 561 2393 impeietor,tn1t,drinit
578 2281 660 2390 tripart.
680 2276 726 2327 nbi
743 2277 1027 2404 ‘3⁸⁰i⁰}⁶m',tqr¹}dr¹r¹sue
1048 2280 1190 2394 opposuit&
1204 2279 1296 2394 m.

237 2357 649 2398 us.erv.ears.1.
745 2358 784 2393 ure
852 2361 936 2393 ‚u
1014 2359 1210 2394 dumnoc
1289 2377 1297 2394 .

192 2358 317 2471 simtd’m.
349 2406 485 2457 Acidslius
496 2406 553 2457 brec
566 2355 602 2455 iza
613 2347 863 2472 corffperpmis
871 2359 991 2471 mpetu,
1003 2346 1237 2476 pffpetsiroffinitor
1248 2410 1298 2458 ists

191 2474 304 2522 meimet
313 2473 383 2536 stirp.
395 2472 436 2521 vel
449 2472 543 2535 potius,
552 2472 673 2534 perpetuis
682 2472 786 2535 prm'esto
794 2473 871 2537 pietus
881 2479 904 2522 et
914 2475 1021 2539 affinitur
1031 2475 1078 2523 istu
1089 2477 1150 2524 eost.
1161 2475 1234 2537 stirp.
1258 2473 1300 2524 Ut

193 2546 332 2602 utrumque
345 2538 448 2600 junget,
460 2537 637 2600 pietatemque
649 2537 730 2593 diest,
741 2552 798 2600 quse
811 2539 878 2586 inter
888 2547 991 2602 putrem
1003 2547 1030 2587 et
1045 2538 1124 2588 tilium
1136 2549 1186 2595 est,
1198 2538 1299 2589 csrite·

194 2613 256 2654 tem.
290 2603 338 2652 Cui
350 2602 463 2665 opinioni
473 2600 554 2659 feret,
566 2600 634 2664 qnod
647 2602 734 2650 stetim
745 2601 897 2666 subjicitur:
910 2604 918 2630 ⁸
929 2603 998 2654 Quid
1010 2603 1166 2666 sperandum
1179 2610 1229 2666 est,
1237 2617 1296 2653 curn

189 2666 375 2731 sempiternam
387 2667 469 2731 patris
481 2680 512 2715 sc
525 2665 570 2714 lilii
582 2665 719 2715 caritatem
737 2666 814 2715 etism
833 2667 980 2729 nuptiarum
996 2666 1081 2718 fredus
1094 2667 1300 2718 adstrinxerit?

194 2735 277 2783 nueu.
293 2733 387 2796 Stepb.
399 2739 427 2781 et
438 2732 529 2781 Petne.
543 2729 651 2788 babent,
666 2732 787 2794 perpetuis
803 2733 868 2796 prtff.
883 2732 983 2795 pietatis
997 2735 1064 2799 offis.
1080 2734 1129 2782 istu
1148 2735 1207 2784 coni.
1224 2733 1298 2796 stirp.

192 2797 256 2849 Pol.
267 2806 295 2848 et
306 2798 393 2847 Moeri.
405 2812 462 2845 cum
471 2795 541 2846 Gud.
553 2796 659 2845 meliore
671 2795 807 2845 uerborum
820 2797 915 2860 positu,
929 2799 1050 2862 perpetuis
1059 2797 1123 2862 prof.
1129 2798 1228 2860 pietatis
1238 2799 1299 2848 stir-

189 2862 316 2928 piduruff.
326 2863 507 2912 istucoolescut.
540 2861 622 2912 Qunm
637 2862 793 2923 sculpturam
811 2876 898 2910 serem
914 2876 971 2910 esse
986 2871 1059 2927 puto.
1092 2863 1187 2926 Stirper
1200 2863 1226 2912 b.
1238 2864 1257 2911 1.
1266 2867 1299 2912 nt

193 2927 287 2991 sepius
297 2929 367 2989 alibi,
380 2941 404 2977 u.
415 2942 438 2976 c.
449 2925 517 2988 spud
529 2926 642 2975 Tullium
652 2925 685 2975 de
698 2927 761 2987 Leg.
771 2939 792 2974 1.
801 2931 826 2976 6.
845 2925 921 2976 Orat.
934 2941 982 2988 pro
993 2928 1075 2978 Coelio
1086 2942 1145 2990 esp.
1155 2931 1196 2976 32.
1216 2927 1298 2976 Ture.

194 2994 295 3045 Qnoest.
306 3007 348 3042 ιιι.
359 2997 385 3041 6.
394 2999 453 3041 runt
464 2988 634 3039 irrodnmentn
646 2998 673 3038 et
685 2990 757 3053 qussi
771 2991 881 3041 radices.
914 2992 973 3042 Vox
989 2991 1129 3056 pietatibus,
1143 3007 1203 3105 pun
1215 2991 1241 3041 in
1252 3005 1299 3041 ce·

143 3067 153 3091 ·
194 3064 264 3106 teror
277 3057 353 3106 codd.
365 3057 470 3120 irrepsit
480 3070 528 3119 pro
541 3055 649 3118 pietatis,
663 3053 737 3104 deest
747 3057 772 3104 in
784 3057 866 3119 Lsng.
876 3061 903 3105 et
914 3056 963 3105 bac
974 3058 1132 3107 auctoritate
1157 3065 1229 3105 retus
1240 3069 1301 3106 ere·

193 3122 229 3171 sit
241 3136 298 3172 esm
310 3122 441 3180 Bsuoius;
459 3121 585 3170 Cellsrins
597 3121 670 3169 uncis
681 3120 795 3170 inclusit.
821 3121 944 3170 Ceterum
955 3136 1002 3182 pro
1012 3123 1127 3172 coalescat
1140 3121 1226 3171 Livio·
1236 3135 1300 3172 cunr

194 3186 296 3236 Acidul.
308 3185 455 3246 suspicatur
466 3185 604 3247 legendnm
619 3198 677 3234 esse
694 3187 815 3244 ecolesm,
826 3187 895 3250 quod
909 3201 992 3242 uerno,
1007 3189 1108 3250 opinor,
1119 3186 1300 3250 improbabit!

193 3253 287 3313 Joeger.
319 3253 327 3279 ‘
342 3251 412 3300 Nihil
424 3251 509 3299 verius
520 3250 641 3306 lectione,
652 3264 729 3312 quiam
740 3250 872 3312 Jaegerum
884 3251 1179 3301 secntnsdedi.'1lrrrtz.
1204 3265 1300 3315 semper

194 3315 226 3366 in.
232 3314 350 3380 republica
360 3316 446 3365 Rivin.
458 3323 487 3365 et
497 3314 558 3365 edd.
570 3324 632 3366 ente
647 3315 726 3365 Grut.
740 3331 842 3372 mmmm
858 3317 975 3366 inserunt
985 3318 1049 3366 Vet.
1058 3317 1170 3366 Putesn.
1182 3315 1299 3382 Guelplr.

689 3435 798 3486 ΝΟΜ

226 3541 238 3570 ⁸
255 3532 408 3597 Reuosostis]
425 3533 510 3582 Paulo
522 3531 590 3582 enim
599 3532 726 3582 snteMa·
765 3533 792 3582 iu
816 3548 866 3599 quo
887 3533 1008 3584 mendum
1030 3549 1086 3585 esse
1107 3549 1185 3585 nemo
1206 3535 1300 3600 opinor

195 3610 322 3661 rimianus
334 3609 403 3672 Aug.
419 3617 476 3657 eset
492 3608 638 3657 Constantii
656 3608 725 3671 Arrg.
765 3623 817 3658 non
830 3611 955 3672 agnoscit.

194 3703 277 3746 socer,
294 3685 405 3736 nuncid
424 3685 507 3748 ipsum
525 3686 661 3734 eitsDiis
678 3687 725 3734 im·
797 3686 953 3750 ePerpetuis
973 3684 1093 3749 profecto]
1125 3686 1157 3735 Iu
1183 3686 1298 3737 editione

194 3763 346 3813 mortalibus
368 3775 425 3810 esse
449 3767 609 3810 renovatum·
641 3761 721 3824 Siqui⁴
767 3761 885 3810 Puteanu
901 3771 951 3826 est,
966 3764 1088 3827 perpetuis
1100 3764 1206 3825 profecto
1219 3764 1297 3827 pietu-

195 3841 254 3890 dem
273 3855 373 3890 rursum
393 3839 566 3888 Maximianus
583 3839 725 3903 imperator
765 3838 829 3887 tibus
843 3840 1071 3905 offiuitosistu,t5c.
1104 3840 1170 3890 Cum
1182 3840 1298 3890 Grutero

196 3924 237 3969 est
250 3915 412 3968 Constantini
424 3928 506 3964 socer.
766 3915 832 3962 erssi
843 3917 908 3964 benc
919 3930 1009 3965 vocem
1022 3916 1160 3980 pietatibus,
1171 3932 1229 3982 qun
1242 3917 1297 3981 qui·

227 3994 305 4045 bIste
322 3993 422 4058 seniori]
447 3992 544 4042 Locum
562 3991 630 4041 buno
647 3991 726 4055 juxte
766 3990 825 4039 dem
838 3989 913 4040 obest
925 3991 950 4039 in
967 3991 1058 4040 codice
1070 3992 1211 4055 Longinno.
1246 3993 1298 4042 Alii

196 4066 307 4120 Livineii
347 4069 520 4132 suspicionem
560 4068 726 4118 emendatum
768 4080 815 4129 pro
825 4067 963 4128 pietatibnr,
972 4068 1062 4133 legunt
1070 4068 1181 4133 pietoset
1191 4069 1298 4136 affinitas

195 4147 320 4211 oportuit.
354 4145 426 4196 Ante
437 4145 505 4196 enim
517 4149 575 4196 eret
585 4144 631 4194 iste
640 4144 728 4208 senior,
766 4144 823 4201 isto,
834 4145 875 4206 tsc.
