2730 4726
129 326 220 395 1³82
397 341 565 392 nouauit
588 341 821 392 enarrantur
846 342 961 392 norro

128 494 216 554 metu
237 486 355 565 territi,
369 506 437 551 non
455 486 649 552 adulatione
668 487 847 572 compulsi,
862 487 922 553 sed
940 488 1087 572 ingenua
1100 497 1139 556 et
1154 487 1228 558 sim}

128 590 212 675 plici
227 591 365 654 caritate
379 590 499 654 iratres
513 589 634 672 populi
650 588 798 654 Romani
813 590 933 656 crediti
945 599 1034 671 sunt,
1051 594 1231 678 appellari·

128 713 195 776 que
210 698 418 757 meruerunt:
439 711 508 776 quo
517 694 661 770 nomine,
675 699 801 777 praeter
814 700 928 758 cetera
941 696 1232 765 necessitudinum

128 795 308 866 vocabule,
320 803 354 859 et
365 795 590 860 communitas
601 795 723 860 amoris
733 801 883 879 apparet,
891 800 924 860 et
935 796 1107 880 dignitatis
1118 817 1232 882 aequa·

127 898 219 963 litas.
261 897 295 962 2.
320 896 460 977 Deinde,
475 918 553 962 cum
566 898 715 963 finitimae
731 899 897 977 nationes,
909 898 979 983 ipsi
993 898 1045 964 illi
1061 899 1231 966 Romanae

126 999 336 1076 fraternitati,
351 1019 417 1064 non
439 1000 568 1081 gloriar,
582 1000 780 1080 invidentes,
800 1009 837 1066 et
856 1021 967 1087 usque
989 1002 1026 1066 in
1045 1003 1233 1086 perniciem

129 1103 182 1165 sui
205 1102 295 1166 odiis
313 1101 475 1179 incitatae,
490 1100 681 1167 Germanos
700 1104 766 1168 sibi
786 1104 987 1170 auxiliarios
1004 1104 1165 1170 dominos
1184 1106 1232 1171 in-

129 1210 319 1282 vocassent,
334 1206 493 1288 prinoeps
507 1205 662 1269 AEduus'
678 1205 712 1269 in
728 1214 883 1271 senatum
900 1207 1003 1284 venit,
1017 1226 1087 1270 rem
1101 1207 1234 1286 docuit,

129 1327 206 1372 cum
222 1306 367 1391 quidem,
379 1306 496 1372 oblato
511 1326 684 1384 consessu,
694 1309 805 1372 miuus
820 1308 886 1373 sibi
899 1309 1118 1388 vindicasset,
1130 1329 1234 1395 quarn

130 1407 283 1487 dabatur,
302 1416 399 1475 scuto
418 1409 554 1474 innixus
572 1410 756 1494 peroravit.
797 1409 831 1476 3.
854 1409 1040 1494 Impetrata
1059 1430 1141 1495 ope,
1165 1410 1233 1477 llo·

128 1529 263 1574 manum
275 1512 471 1588 exercitum,
481 1508 720 1596 Caesaremque
735 1512 787 1577 cis
800 1511 1024 1579 Rhodanum'
1038 1514 1172 1598 primus
1185 1513 1233 1578 iu·

129 1611 240 1678 duxit.
283 1612 410 1677 Semita
429 1613 519 1677 enim
539 1612 663 1679 Galliae
682 1614 851 1698 usquead
872 1615 907 1680 id
928 1616 1092 1700 temporis
1105 1616 1235 1682 Trans·

129 1715 241 1799 alpina
258 1715 374 1781 Gallia
395 1716 638 1781 nominabatur.
682 1716 750 1781 Sed
771 1717 861 1782 enim
880 1716 987 1782 AEdui
1002 1725 1113 1783 totum
1128 1718 1233 1794 istud,

130 1818 221 1902 quod
245 1819 380 1898 Rheno,
394 1817 547 1895 Oceano,
561 1817 738 1903 Pyrenaeis
759 1818 959 1898 montibus,'
979 1819 1112 1885 cunctis
1132 1817 1235 1905 Alpi·

129 1920 196 1985 bus
211 1922 414 2001 continetur,
429 1921 585 1986 Romano
600 1920 741 2004 imperio
756 1920 976 2001 tradiderunt,
987 1922 1147 2006 bybemis
1158 1922 1234 1988 bos·

129 2023 280 2108 pitaliter
293 2025 457 2114 praebitis,
471 2024 696 2111 suppeditatis
709 2023 844 2108 largiter
858 2024 1117 2099 commeatibus,
1132 2028 1233 2094 armis

589 2187 771 2210 ΟΙΙΝΝΙΜΙ

129 2306 227 2362 mab,
239 2306 308 2373 quod
319 2313 424 2356 serrant
435 2306 498 2358 Vet.
508 2308 621 2358 Puteuu.
632 2307 733 2360 Bertiu.
743 2306 849 2370 Cuspio.
859 2304 974 2370 Guelpb.
991 2304 1071 2357 Grut.
1080 2310 1110 2355 at
1121 2312 1235 2358 reeentt.

130 2373 207 2423 deest
219 2373 244 2421 in
256 2371 316 2422 edd.
328 2377 391 2422 vett.
402 2379 430 2422 et
443 2372 578 2422 trivia-a
593 2371 916 2435 ‘Guelpbjruterttitutisr
928 2372 1001 2422 male.
1027 2370 1070 2423 cf.
1081 2368 1113 2419 ad
1124 2372 1235 2425 Eumeu.

130 2437 267 2488 Conatam.
285 2451 347 2487 xxi.
362 2435 396 2486 λ’
414 2437 501 2488 Arate.
527 2438 629 2488 irritata
647 2437 708 2488 edd.
727 2439 844 2488 Rhenan.
857 2443 885 2487 et
903 2437 989 2488 Riviu.
1002 2439 1026 2484 1.
1051 2436 1164 2488 irritata
1174 2439 1234 2489 Ver.

129 2501 243 2552 Putean.
269 2502 374 2552 dominor
390 2502 463 2552 abest
481 2504 506 2551 in
525 2505 649 2552 cuarreu.
673 2505 705 2552 od
721 2509 829 2553 seratura
844 2501 907 2552 Vct.
927 2502 1011 2552 Lirin.
1022 2499 1094 2551 (iod.
1105 2511 1136 2552 et
1146 2500 1234 2553 Mart

130 2567 200 2617 ‘Sed
213 2568 317 2627 vulgata
329 2574 399 2617 recte
410 2566 508 2617 babet!
525 2569 618 2630 Joeger.
645 2568 804 2629 ‘vulgatam
817 2565 944 2630 prafer03
963 2565 1032 2615 aliud
1050 2566 1120 2615 enim
1137 2576 1180 2617 est
1192 2582 1234 2630 ap.

130 2627 199 2683 Car.
208 2633 240 2683 B.
252 2633 286 2684 G.
298 2647 340 2683 rr.
352 2637 391 2682 la.
403 2639 428 2681 ⁵.
441 2631 485 2682 obi
502 2634 553 2681 ‘ad
566 2639 683 2683 renatum
697 2632 839 2697 profectur’
857 2631 953 2681 dicitur
965 2630 1130 2682 Divitiacus!
1145 2631 1236 2686 Ana.

130 2698 184 2747 Pro
199 2713 252 2747 cum
267 2698 371 2762 quidem,
384 2699 467 2747 Lirin.
481 2705 508 2747 et
525 2698 604 2748 Grut.
615 2699 682 2762 conj.
692 2713 789 2761 cumque
800 2699 871 2748 idern.
898 2696 982 2746 ‘Mibi
1001 2709 1052 2746 non
1068 2695 1175 2747 videtur
1189 2711 1233 2747 ne·

130 2763 222 2815 cetae.¹
238 2762 326 2814 Arutz.
352 2763 552 2813 oblutocomerrstr
563 2764 676 2827 Guelpb.
688 2764 806 2813 Rbenan.
817 2761 909 2825 Stepb.
926 2762 1010 2811 Lirin.
1034 2759 1234 2813 oMotacorrserrrr

130 2828 277 2880 Sobonbor.
295 2830 424 2891 ‘Propius
446 2828 551 2877 rerum'
567 2830 660 2891 Joeger.
687 2828 765 2878 oblato
785 2841 895 2878 consessu
915 2827 1018 2877 Berlin.
1039 2825 1151 2889 Caepio.
1171 2828 1234 2892 Eue.

131 2893 213 2958 Lang.
232 2893 310 2944 Grut.
326 2894 410 2943 liiiio.
423 2901 450 2944 et
462 2898 622 2944 recente-³
639 2894 761 2957 Imperatr
773 2894 857 2943 Lirin.
871 2893 905 2941 ul.
919 2897 984 2941 vett.
998 2904 1079 2954 usqua
1091 2890 1125 2940 ad
1139 2891 1232 2942 Celiar.

130 2960 192 3009 Vid.
210 2960 284 3008 Nott.
295 2960 371 3009 Varr.
400 2961 564 3023 Cereremque
575 2958 647 3008 deest
660 2959 686 3007 iu
697 2958 783 3008 Murri.
807 2958 901 3008 Semito
913 2963 1061 3020 suspectum
1077 2954 1128 3006 luit
1140 2955 1233 3012 Arida,

131 3024 174 3074 lio.
191 3024 259 3073 Edd.
272 3025 387 3074 Rhenrn.
401 3025 435 3074 H.
454 3026 545 3088 Stepb.
557 3029 584 3073 et
596 3024 681 3073 Rivin.
697 3028 720 3072 l.
744 3023 914 3073 nominabitur.
930 3021 1054 3072 enarrer.
1070 3021 1121 3071 seo
1139 3027 1233 3072 tantm

131 3089 223 3147 AEdrri,·
241 3089 309 3138 uude
330 3090 413 3139 Livio.
431 3090 501 3152 conj.
517 3090 565 3138 Sed
582 3095 633 3139 tam
648 3089 732 3138 AEdui.
759 3088 849 3138 ‘Nihil
865 3087 968 3137 videtur
984 3084 1156 3148 mutandum
1176 3101 1231 3136 narn

130 3156 173 3203 red
189 3154 252 3204 euim
273 3169 320 3217 pro
337 3155 447 3218 simplici
462 3156 503 3203 red
523 3154 592 3217 poni,
609 3154 672 3202 entis
690 3150 815 3203 constat.’
830 3155 924 3214 Joeger.
952 3153 1013 3201 Vet.
1031 3151 1145 3200 Poteau.
1162 3153 1240 3216 delet,

130 3220 229 3268 cunctis.
256 3220 301 3269 ‘Si
311 3222 354 3269 alii
366 3219 517 3270 addicerent
529 3219 605 3269 codd.
614 3219 705 3268 cunctis
716 3219 840 3274 delerem,
852 3219 901 3266 nisi
913 3217 994 3282 Alpes
1002 3216 1094 3274 Julius,
1106 3225 1134 3266 et
1145 3218 1233 3269 Cotiet

132 3285 302 3337 intellexerit.
329 3285 372 3340 Cl.
391 3286 474 3336 Lirin.
488 3282 549 3335 inlr.
561 3284 593 3334 ad
611 3285 708 3334 lucert.
725 3284 861 3335 Constant.
877 3295 903 3332 v.
915 3281 948 3353 ⁴r’
968 3283 1056 3335 Arate.
1083 3283 1233 3346 equitumper

627 3430 738 3481 NOTAE

163 3542 174 3567 ¹¹
193 3533 307 3595 l'rirrcepr
324 3530 427 3595 AEduur]
449 3529 588 3580 AEduorurn
610 3530 662 3592 pri·
701 3528 827 3578 maximus
839 3526 932 3577 Gallia
944 3525 1132 3592 Narbonensis,
1149 3543 1183 3579 ex
1202 3527 1234 3579 A·

131 3613 228 3662 marius
247 3609 419 3672 magistrumn,
436 3607 458 3655 si
475 3606 545 3658 Julio
563 3606 662 3655 Caesari
702 3605 768 3656 dura
783 3613 879 3668 moute,
891 3619 906 3654 e
919 3605 1024 3668 regione
1036 3605 1121 3654 Rheni
1140 3607 1233 3666 oriens,

132 3687 270 3743 credimur,
287 3685 390 3735 Gallico
406 3682 525 3747 quodam.
542 3683 587 3732 red
605 3698 661 3732 cor·
702 3683 735 3732 ad
754 3683 906 3745 Lugdunum
926 3687 1035 3744 accepto
1051 3679 1142 3745 Arari,
1158 3683 1234 3732 Viso.

131 3772 211 3830 rupto
227 3762 351 3814 vocabulo
369 3760 506 3810 dicebatur
524 3761 662 3823 Vergobret.
702 3775 771 3823 nam,
782 3760 939 3820 Valentiam,
950 3758 1161 3818 Areutouam,er
1171 3760 1233 3811 Are·

131 3843 174 3894 Au
189 3858 249 3892 rero
266 3841 386 3905 princeps
399 3837 493 3888 lEduus
508 3837 573 3887 alius
585 3838 617 3887 ab
630 3853 661 3888 eo
702 3838 781 3887 latero
794 3837 876 3887 alluit.
892 3837 929 3886 Le
941 3835 1036 3887 attae.

132 3917 220 3977 fuerit,
243 3921 340 3970 nescio.
373 3917 452 3967 Certe
469 3916 554 3967 Julius
573 3917 663 3966 Ceasar
735 3921 752 3947 a
766 3913 1024 3979 Pprerroea'smorrtibur]
1034 3915 1158 3978 Pyrenaei
1167 3929 1233 3964 oron·

132 3997 294 4047 Divitiacum
312 3994 454 4059 principem
467 3992 577 4042 lEduum
593 4007 664 4056 sape
704 3999 744 4042 ter
766 3991 879 4040 Galliam
902 3988 934 4038 ab
954 3989 1083 4053 Hispania
1107 3991 1233 4041 distermi-

133 4082 358 4138 vocat,uuuquaru
372 4071 513 4121 AEduorum
531 4071 665 4134 magistra·
704 4077 776 4121 nant.
810 4070 850 4117 De
871 4069 910 4117 bis
930 4083 1017 4136 supra,
1034 4069 1116 4120 Plinii
1135 4071 1232 4135 Paneg.

135 4159 198 4200 tum.
705 4163 762 4213 cap.
776 4150 836 4197 xiv.
847 4153 904 4196 not.
918 4144 933 4198 ¹.

166 4233 178 4258 v
197 4227 240 4275 cir
251 4223 404 4288 Murum]
421 4223 560 4276 Rhodanus
571 4221 664 4275 durius
