2730 4726
193 294 280 365 lara
460 360 463 365 ,
556 348 561 357 .
694 307 784 357 rtur

194 465 286 529 tento
300 456 345 523 ad
366 456 588 523 Christianam
611 455 807 539 religionem
831 474 1027 522 conversum
1052 455 1145 520 multi
1166 454 1293 523 eruditi

194 561 385 646 opinantur,
401 580 477 626 cum
491 562 535 625 ah
549 580 593 625 eo
608 567 760 643 tempore
781 565 816 624 et
834 559 1064 644 persecutioni
1075 557 1215 623 modum
1228 560 1293 625 im·

194 665 357 750 posuerit,
371 672 408 729 et
421 664 527 729 multu
538 663 802 730 Christianorum
817 682 924 728 causa
932 662 1091 740 edixerit,
1102 660 1291 728 Gentilium

193 769 273 835 tana
291 767 466 848 everterit3
488 766 622 832 demum
644 765 797 831 Nicaenae
817 764 949 850 synodo
970 764 1166 830 interfuerit.
1191 765 1291 831 -Hac

194 871 301 937 divini
315 869 437 935 auxilii
452 868 698 951 significatione
711 869 819 934 fretus
832 867 1077 934 Constantinus
1098 867 1290 950 Segusium',

194 971 599 1050 Taurinates,Vercellas,
610 971 773 1048 Brixiam,
783 969 953 1037 Veronam
963 970 1193 1036 strenuissimo
1202 971 1291 1041 duce

195 1074 337 1141 Ruricio
350 1075 531 1152 defensam,
539 1072 746 1158 Aquileiam,
753 1073 977 1153 Placentiam,
988 1073 1167 1152 Mutinam,
1178 1080 1212 1141 et
1220 1095 1307 1140 om-.

195 1199 271 1244 nem
288 1179 339 1243 cis
354 1177 486 1243 Padum
502 1177 639 1242 ltaliam
653 1188 840 1262 recuperat,
855 1197 897 1243 ao
908 1177 1050 1262 deniqne
1061 1177 1175 1262 ipsum
1189 1177 1293 1243 Max·

196 1281 324 1347 eutium
339 1286 584 1365 transpontem
606 1280 762 1346 Milvium
784 1281 828 1346 ad
851 1282 947 1346 Saxa
967 1281 1067 1346 rubra
1089 1281 1235 1364 septimo
1248 1281 1292 1345 ab

196 1384 278 1450 urbe
292 1383 429 1450 milliari
452 1403 529 1448 cum
552 1382 710 1449 ducentis
732 1384 824 1450 mille
837 1384 1015 1462 militibus,
1032 1402 1171 1467 quornm
1197 1388 1293 1448 octo·

197 1488 303 1571 ginta,
314 1495 353 1552 ut
367 1487 478 1571 iuquit
489 1486 663 1564 Zosimus,
673 1486 822 1552 Romani
835 1493 964 1566 essent,
978 1492 1206 1553 occurrentem
1220 1485 1293 1550 fun·

196 1590 287 1663 ditus
302 1587 402 1666 delet,
418 1587 500 1653 Kal.
514 1586 640 1653 Octob.
651 1588 761 1672 inquit
776 1588 981 1674 Onuphrius.
1003 1588 1085 1673 Ipse
1093 1587 1293 1654 Maxentius

197 1697 300 1776 ponte
316 1697 451 1776 propter
469 1691 606 1756 nimiam
625 1691 822 1772 fngientium
842 1691 1086 1758 multitudinem
1105 1691 1295 1770 fatiscente,

198 1793 313 1860 Tiberi
327 1793 437 1878 pridie
452 1815 552 1879 quam
568 1795 749 1879 septimum
769 1796 954 1882 tyrannidis
974 1814 1097 1860 aunum
1119 1795 1293 1859 inchoaret

198 1895 371 1962 demersus
387 1902 450 1963 est.
495 1896 666 1964 Postridie
681 1899 885 1983 vero-ipsius
900 1919 1023 1985 corpus
1037 1918 1082 1963 ex
1098 1898 1197 1982 aquis
1213 1898 1295 1962 sub-

197 2001 316 2078 latum,
331 2007 503 2085 caputque
518 2020 580 2084 per
593 2000 728 2067 Italiam
744 2000 779 2068 et
792 2001 943 2068 Africam
967 2001 1012 2068 ad
1032 2001 1213 2067 ludibrium
1231 2000 1294 2065 cir·

199 2103 384 2169 cumlatum
398 2109 459 2169 est.
504 2103 562 2170 Sic
574 2102 814 2170 Constantinus
824 2100 1058 2170 v'ictorurbem
1072 2102 1201 2174 solenni
1216 2122 1295 2167 cum

199 2225 328 2290 pompa
346 2225 386 2271 ao
407 2205 629 2288 gratulatione
650 2212 687 2271 et
706 2207 830 2272 faustis
851 2214 990 2273 senatus
1012 2206 1199 2292 populique
1221 2205 1295 2270 Ro-

200 2309 290 2372 mani
312 2308 607 2373 acclamationibus
631 2308 802 2392 ingressus
832 2318 898 2376 est.
941 2311 1047 2376 'l'itnli
1075 2309 1107 2374 ei
1131 2316 1296 2394 tanquam

62 2402 66 2410 '
199 2413 211 2447 ‘
226 2409 399 2474 liberatori
414 2409 517 2488 urbis,
532 2408 702 2476 fundatori
716 2411 861 2495 quietis,'
875 2413 1023 2480 decretis
1046 2433 1086 2479 ac
1101 2418 1214 2478 statua
1228 2413 1296 2497 ipsi

200 2512 236 2576 in
258 2511 331 2577 foro
354 2511 466 2598 posita
488 2532 622 2578 crucem
644 2533 745 2579 mauu
768 2517 989 2600 praetendensa,
1007 2517 1159 2582 victoriae
1184 2517 1297 2584 crucis

66 2691 70 2695 ,
200 2615 365 2681 beneficio
380 2621 486 2700 partae
500 2623 738 2701 argumentum.
782 2617 877 2686 Hinc
894 2617 1112 2687 indictionum
1134 2621 1230 2704 origo
1245 2639 1297 2686 re·

201 2719 333 2802 petitur.

254 2891 298 2958 Α.
314 2895 359 2961 U.
370 2893 411 2961 C.
424 2913 560 2964 unxvr.
593 2899 718 2965 Christi
733 2916 893 2966 occxrrr.
923 2899 1040 2969 Const.
1055 2899 1143 2986 Imp.
1157 2918 1243 2967 v111.

645 3003 755 3069 AEtat.
770 3019 854 3067 xer.

247 3130 490 3198 Constantinus
505 3136 640 3203 tertium
656 3140 776 3205 consul
791 3139 923 3205 Licinio
946 3157 1005 3207 111.
1022 3160 1093 3206 cos.
1114 3143 1216 3208 rebus
1230 3165 1299 3210 om·

203 3232 302 3300 nibus
318 3235 352 3298 in
367 3237 449 3301 urbe
470 3237 633 3304 ordinatis
658 3242 738 3306 inde
761 3242 854 3308 circa
868 3259 951 3307 xvr.
967 3242 1049 3309 Kal.
1064 3245 1163 3310 Febr.
1179 3245 1224 3310 ad
1239 3266 1300 3312 ox·

205 3342 297 3402 ortos
322 3337 456 3402 interim
479 3339 515 3404 in
543 3339 724 3410 Germania
751 3345 910 3411 tumultus
930 3345 1115 3430 ‘pacandos
1146 3349 1299 3417 discedit.

205 3438 304 3504 Prius
319 3444 430 3505 tamen
441 3440 629 3510 Mediolani
641 3465 788 3512 sororem
803 3467 899 3513 suam
915 3448 1150 3516 Constantiam
1164 3454 1299 3520 Licinio

204 3538 295 3624 Aug.
309 3548 451 3626 nuptum
465 3544 568 3612 dedit
612 3547 670 3615 Ad
685 3570 771 3636 quas
784 3553 924 3636 nuptias
943 3553 1183 3620 'Diocletianus
1197 3577 1300 3623 voca-

205 3649 272 3725 tus,
299 3652 334 3711 et
357 3647 449 3731 quod
473 3649 585 3714 venire
609 3660 798 3720 recusasset
825 3654 1015 3722 minacibus
1035 3656 1170 3721 illorum
1194 3657 1302 3726 literis

206 3747 353 3827 territus,
372 3750 471 3816 tertio
494 3759 573 3836 post
595 3774 682 3821 anno
702 3775 870 3823 venenum
891 3757 1048 3824 hausisse
1064 3759 1195 3827 dicitur.
1217 3761 1303 3828 Vid.

206 3846 290 3914 Aur.
304 3850 436 3917 Victor.
478 3853 548 3919 His
562 3858 687 3941 nuptiis
702 3859 877 3925 celebratis
900 3860 1051 3927 Licinius
1065 3863 1100 3928 in
1115 3862 1303 3948 Illyricum,

208 3949 447 4033 Constantinus
461 3955 496 4019 in
511 3956 653 4039 Gallias,
668 3961 711 4025 ad
727 3961 838 4028 Rheni
856 3964 964 4047 ripam
986 3965 1173 4031 concessit:
1196 3966 1304 4033 Fran·

208 4071 268 4118 cos
284 4058 459 4123 transitum
472 4059 650 4128 molientes
665 4065 861 4149 comprimit,
875 4071 910 4130 ot
923 4087 1004 4132 mox
1016 4068 1200 4153 perduces,
1212 4089 1305 4156 quos

209 4155 258 4219 ibi
273 4159 465 4244 reliquerat,
480 4162 595 4232 vincit.
640 4166 849 4235 Maximinus
863 4178 981 4237 contra
994 4170 1256 4240 Constantinum
1270 4181 1306 4239 et
