2730 4726
15 368 20 377 .
75 391 80 400 ι
182 308 269 375 nat
565 325 599 374 c.
621 324 656 374 a.
671 308 901 376 'sonwnaarr

181 471 285 536 tidem
299 468 403 534 etiarn
417 467 454 533 in
465 467 583 533 laudes
598 465 814 549 Diocletiani,
834 466 978 543 sanioris
999 466 1161 552 Augusti,
1175 467 1286 553 atgre-

181 572 283 650 ditur,
299 571 515 655 quamobrem
532 570 575 635 de
590 571 763 654 utriusque
777 571 860 649 vita,
876 571 1044 655 rebusque
1070 573 1189 654 gestis,
1204 592 1287 637 non-

182 674 265 739 nibil
290 673 534 757 praelibandum
559 673 731 738 duximus.
777 672 861 738 Cum
885 692 964 739 vero
988 675 1022 738 in
1047 673 1166 740 borum
1190 679 1286 746 annia

182 779 314 860 imperii
330 777 373 841 ad
391 777 514 840 Festos
529 774 707 841 Romanos
723 776 913 858 digerendis
930 776 1003 860 jam
1019 776 1199 867 diligenter
1213 792 1289 842 vera

183 882 249 946 sati
267 878 391 944 inerint
414 879 477 943 riri
501 877 733 956 eruditissimi,
750 877 922 957 Norisias,
939 878 1286 963 Pagins,'llalandus,

182 985 322 1068 aliique,
338 1003 383 1046 ex
398 981 462 1056 bis,
478 1000 556 1065 quas
572 981 670 1046 nobis
694 981 923 1065 probabiliora
944 982 1021 1048 risa
1039 987 1127 1061 saut,
1142 982 1288 1048 aaran

181 1106 270 1151 nunc
285 1088 434 1169 repetere
448 1084 575 1150 licebit

224 1188 326 1252 Anno
343 1186 471 1250 Christi
491 1185 567 1249 284.
591 1185 635 1249 Α.
655 1183 814 1251 U.10t37.
848 1183 974 1249 Carino
986 1182 1078 1267 Aug.
1091 1200 1136 1248 rr.
1159 1191 1197 1249 et
1212 1184 1286 1252 Nu*

79 1342 81 1347 .
181 1293 326 1355 mariano
342 1287 430 1370 Aug.
447 1286 669 1364 Consulibus,
684 1294 765 1370 post
779 1287 932 1352 occisum
944 1285 1201 1366 Numerianum,
1218 1303 1286 1354 xv.

181 1377 324 1458 Kalend.
343 1390 483 1455 Octobr.
506 1390 528 1453 i.
544 1407 576 1452 e.
594 1389 649 1452 die
666 1403 763 1452 xvrr.
783 1387 1003 1471 Septembris.
1025 1384 1198 1454 Murci.
1214 1389 1286 1455 Va·
1329 1424 1331 1429 v

180 1494 282 1558 lerius
312 1492 557 1566 Diocletianus,
579 1491 789 1554 renuntiatus
815 1495 869 1553 est
897 1489 1091 1573 imperator,
1117 1497 1159 1554 ιιι
1184 1491 1289 1557 tradit

181 1596 313 1661 Auctor
328 1593 488 1660 chronici
503 1591 737 1668 Alexandrini,
755 1591 799 1656 ad
812 1591 876 1656 hos
889 1589 1065 1656 consules:
1080 1589 1286 1669 Austeravia

180 1697 371 1782 ἀναγορευθεὶς
385 1695 439 1784 agi
456 1691 486 1757 ιε’
504 1695 659 1757 Καλανδῶν
674 1693 810 1781 Ὀκτωβς
812 1691 858 1757 lar
877 1693 904 1757 ir
919 1689 1093 1771 Xatruabirr,
1107 1695 1288 1771 nisibim&

180 1800 369 1882 Νικομήδειαν
382 1800 435 1884 πρὸ
450 1824 466 1860 ι
463 1795 643 1861 ’Καλανδῶν
664 1795 850 1884 Ὀκτωβρίων
871 1820 928 1878 μετ
942 1794 1136 1883 dromidas,
1151 1797 1203 1862 sal
1220 1807 1285 1864 Κιι·

181 1902 296 1979 Arisbam
324 1905 453 1988 ’ilaruap
452 1927 496 1976 αις
526 1900 630 1987 aprilli
632 1925 658 1964 ιν
680 1896 793 1976 υπατος.
840 1896 1057 1965 Dimletiasm
1086 1901 1285 1967 mamalum

182 2005 357 2092 Imperator
381 2003 457 2068 XV.
482 2001 563 2069 Kal.
589 2001 736 2068 Octobres
760 2004 806 2084 (h.
827 2023 856 2066 c.
880 2004 936 2068 die
964 2018 1065 2071 xvrr.
1092 2001 1290 2088 masma.)

182 2106 266 2174 ctat
253 2108 384 2182 l‚ced‹me
402 2107 616 2173 Nicomediam
637 2106 673 2170 V.
691 2103 767 2170 Kal.
788 2103 915 2173 Octobr.
931 2127 1001 2170 cam
1013 2125 1176 2191 purpurea
1198 2105 1285 2171 edla-

180 2210 311 2295 mpde
298 2231 452 2297 mgressas
478 2219 534 2274 est.
579 2207 705 2274 Deinde
731 2208 884 2274 Kalendis
898 2208 1067 2274 Jauuariis
1088 2207 1195 2274 emaal
1211 2226 1288 2296 pro·
1331 2243 1338 2254 =

180 2313 277 2389 cessit.
323 2314 406 2379 Huc
434 2312 609 2397 pertinent,
635 2333 713 2397 quae
743 2313 940 2398 Eutropius,
972 2328 1029 2377 rx.
1060 2312 1114 2378 19.
1145 2314 1288 2380 scribite

179 2417 259 2480 ‘De
275 2414 418 2479 Perside
442 2415 533 2480 victa
558 2415 728 2480 ‘exercitus
749 2414 890 2494 rediens,
910 2415 1282 2499 concarnatum

179 2524 248 2584 tum
269 2517 418 2594 fulmine,
442 2515 683 2581 Numerianum
711 2516 882 2581 Gaesarem
910 2512 1044 2583 insidiis
1070 2516 1283 2601 perdidisset,

179 2619 429 2684 Diocletianum
455 2619 692 2700 imperatorem
720 2619 861 2698 creavit,
885 2618 1062 2694 Dalmatia
1092 2619 1287 2702 oriundam,

178 2722 285 2788 virum
312 2719 554 2784 obscurissime
576 2724 706 2798 uatum,
729 2719 827 2798 adeo,
849 2729 888 2786 ut
913 2721 1135 2806 spretisque,
1159 2722 1288 2788 scribw

178 2825 278 2902 filins,
293 2845 314 2889 a
328 2822 499 2889 nonnullis
514 2820 656 2887 Anulini
675 2823 837 2889 senatoris
852 2824 1028 2890 libertinus
1042 2823 1151 2887 fuisse
1166 2821 1284 2890 creda·

178 2929 254 2995 tnn’
304 2929 386 2995 Hoc
411 2928 530 2993 eodem
554 2945 654 3003 anno,
682 2946 723 2992 ao
746 2925 882 3011 quidem
910 2942 983 2991 xrr.
1009 2926 1090 2992 Kal.
1115 2926 1283 2992 Decemb.

178 3032 224 3112 (h.
239 3051 270 3095 e.
297 3046 367 3094 xx.
399 3029 600 3107 Novembr.)
623 3029 869 3107 Diocletianus,
896 3039 934 3096 nt
958 3029 1116 3096 Carinum
1142 3028 1288 3094 facilius

178 3133 393 3218 opprimeret,
412 3129 462 3194 Μ.
481 3129 656 3195 Valerium
677 3130 926 3196 Maximianum
941 3131 1149 3197 Herculeum
1163 3128 1283 3197 oasa-

178 3254 248 3301 rem
261 3233 482 3319 nuncupavit.
528 3232 571 3297 Id
586 3232 676 3316 quod
692 3230 832 3316 Pagina,
845 3235 880 3299 in
895 3232 1144 3300 Dissertatione
1156 3231 1288 3318 Hypsa

178 3334 536 3421 trcapart1.cap2
559 3353 594 3398 n
609 3335 655 3400 9
668 3335 737 3400 et
727 3355 761 3399 rn
786 3334 903 3401 critic.
917 3336 1044 3403 Baton.
1060 3335 1105 3400 ad
1130 3334 1163 3399 b.
1180 3354 1213 3400 a.
1235 3350 1284 3401 ex

178 3439 349 3505 Lactantii
364 3459 440 3522 cap
452 3440 505 3503 17.
521 3438 575 3505 De
593 3437 763 3505 Mortibus
776 3438 1045 3516 Persecutorum,
1060 3437 1207 3520 aliisque
1227 3439 1281 3503 in-

179 3541 291 3621 diciis,
306 3541 464 3606 ostendit.

220 3644 264 3709 A
280 3642 319 3708 0.
334 3643 409 3708 285.
432 3643 661 3708 Diocletiano
670 3640 759 3726 Aug.
776 3659 817 3706 ιι.
838 3626 876 3716 et
895 3640 1095 3708 Aristobulo
1122 3642 1287 3708 Consuli

176 3748 254 3824 bus,
271 3745 413 3809 Carinus
434 3745 615 3827 imperator
636 3745 773 3810 occisus
796 3750 859 3822 est,
875 3745 1002 3810 tertio
992 3745 1126 3828 rmperii
1138 3764 1194 3808 sur
1182 3744 1285 3810 Au

177 3850 284 3932 gnstei
309 3867 408 3926 anno,
434 3854 522 3913 teste
543 3846 674 3912 Idacio.
717 3846 814 3913 Tunc
834 3847 1054 3929 Bagaudec,
1044 3867 1068 3912 1.
1085 3866 1115 3911 e.
1135 3848 1280 3914 matico-

176 3970 249 4014 rum
264 3950 379 4028 factio,
394 3949 429 4013 in
444 3947 567 4014 Galliis
582 3949 780 4014 seditionem
797 3949 1032 4031 conciverant;
1047 3968 1134 4033 quos
1147 3949 1280 4017 domuit

176 4050 408 4117 Maximianus
419 4051 547 4118 Caesar.
576 4051 657 4116 Hac
671 4051 856 4129 referimus,
867 4070 945 4135 quac
957 4057 1068 4116 namet
1079 4051 1278 4135 Eutropius,

177 4166 235 4216 rx.
248 4153 303 4218 ab.
340 4154 493 4222 ‘Postea
518 4150 756 4220 Diocletianus
779 4152 947 4230 carinum,
970 4153 1121 4218 cranium-
1139 4154 1220 4219 odio
1241 4160 1283 4220 ct·
