2730 4726
341 311 610 365 eousrnnrruo
634 314 723 364 nuc.
762 309 802 363 x.
824 298 879 366 28.
1093 300 1183 370 lare

78 465 146 538 est,
157 477 257 543 qnam
271 458 406 524 fiduciae
423 451 639 542 promtioris!
678 460 710 524 5.
726 458 941 544 Recuperate
954 457 1056 541 igitur
1069 461 1183 543 ltalia,

80 562 142 626 llic
165 561 294 646 primus
318 561 383 628 suit
405 561 591 626 liberandae
614 561 706 626 urbis
728 561 862 644 gradus,
885 567 918 627 et
938 563 984 626 ad
1004 564 1185 633 actoriam
1219 608 1226 620 -

78 664 196 729 facilis
218 683 387 744 accessus,
407 663 499 747 quod
520 663 626 741 illum,
647 683 778 748 semper
799 663 982 729 exedendae
1004 666 1095 730 urbis
1115 668 1185 733 vis·

78 768 218 832 ceribus
240 766 468 844 inhaerentem,
483 785 525 830 ex
545 767 687 832 assuetis
705 767 844 832 latebris
859 768 910 831 vis
924 767 1109 833 divinitatis
1123 789 1184 836 ex·

78 870 202 935 cussit.
245 871 278 933 6.
301 869 343 934 In
364 889 431 953 quo
453 868 588 952 quidem
603 877 732 934 tantum
746 871 901 933 momenti
915 869 981 933 fuit
992 870 1035 934 ad
1050 870 1181 954 perfici·

79 971 179 1036 endee
195 971 242 1036 rei
257 970 459 1051 facilitatem,
474 979 513 1035 nt
526 991 591 1035 non
606 975 675 1035 tam
690 970 897 1052 gloriandum
912 971 959 1036 sit
974 973 1089 1036 virtuti
1103 979 1182 1053 tuoe,

78 1076 364 1159 prestantissime
387 1075 589 1159 Imperator,
604 1075 699 1158 qnod
719 1095 797 1140 enm
811 1076 944 1154 viceris
958 1097 1059 1160 quam
1073 1085 1184 1160 gratu*

76 1177 222 1245 landum.
231 1178 395 1254 felicitati,
411 1177 501 1261 qnod
517 1177 560 1242 ad
575 1197 721 1261 pugnam
736 1179 886 1261 potueris
901 1197 1052 1242 evocare.

125 1279 216 1346 Car.
240 1294 386 1345 xxv111.
423 1281 457 1344 1.
479 1280 563 1344 Non
585 1281 672 1344 euim
695 1299 790 1358 casu,
815 1300 890 1344 non.
908 1279 1035 1346 fiducia
1056 1280 1182 1350 factum

78 1389 251 1468 putemus,
268 1390 303 1447 ut
316 1383 404 1447 ultro
421 1384 524 1447 etiam
537 1384 720 1447 exercitum
733 1383 888 1449 educeret
903 1382 1080 1448 adversum
1094 1405 1182 1465 eum,

77 1486 179 1572 eujus
188 1487 353 1551 adventus
362 1486 536 1551 stridorem
545 1487 655 1571 ipsum
664 1485 937 1571 perhorresceret,
946 1486 1011 1550 nisi
1021 1489 1180 1563 animum,

75 1587 151 1673 jam
174 1595 266 1653 metu
289 1588 451 1666 devinmf
471 1589 623 1654 infestior
643 1590 752 1667 Deus,
774 1595 809 1653 et
829 1588 987 1672 pereundi
1006 1591 1182 1655 maturitas

79 1691 306 1775 perpulissctt
332 1691 421 1775 quod
447 1691 525 1774 ipsa
547 1692 633 1755 ratio
655 1689 860 1774 disponendi
881 1691 1046 1755 exercitus
1068 1691 1184 1758 docuit

78 1793 175 1858 illum
196 1799 306 1858 mente
325 1793 469 1878 perdita,
485 1793 728 1877 implicatoque
749 1792 901 1866 consilio,
917 1811 992 1856 cum
1008 1811 1085 1856 eum
1100 1814 1182 1878 pug-

78 1914 134 1959 nae
157 1895 267 1959 locum
289 1903 439 1979 caperet,
454 1900 504 1972 ut,
519 1895 704 1958 interclusa
715 1895 807 1977 luga,
820 1893 983 1959 moriendi
997 1895 1182 1962 necessita-

78 2001 154 2062 tem·
167 1996 366 2080 imponeret,
382 2016 459 2060 cnm
474 2015 571 2080 spem
585 1995 735 2061 victorico
749 2015 818 2059 non
832 1996 980 2061 haberet.
1023 1997 1055 2060 2.
1080 1996 1182 2075 Quod

77 2098 218 2182 quidem
240 2098 440 2182 Imperatori
462 2105 576 2163 nostro
589 2099 770 2183 optandum
785 2099 917 2181 largiter
931 2099 1016 2174 luit‘
1036 2101 1095 2182 qui
1116 2101 1183 2169 hoc

79 2218 149 2264 nuo
171 2200 320 2265 maxime
343 2200 532 2278 offenditur,
549 2200 581 2265 si
604 2207 773 2266 certamen
789 2202 954 2267 lubricum
975 2202 1079 2267 saciat
1101 2223 1182 2293 spes

79 2310 212 2388 promta
231 2303 427 2386 fugieodinss
456 2303 678 2370 Relaxaverit
701 2305 821 2383 acies,¹¹
844 2309 902 2370 aut
922 2305 1017 2370 frons
1036 2305 1182 2391 impulsa

107 2482 120 2529 5
138 2489 199 2545 Qua
209 2492 233 2535 et
243 2487 382 2550 ergamine
394 2488 502 2552 persequi
512 2488 608 2556 difficile
616 2504 674 2552 opus
683 2493 729 2545 est,
740 2495 765 2538 et
779 2488 901 2556 difficilius
911 2496 995 2540 macto
1012 2492 1084 2543 simul
1091 2507 1186 2542 coacer-
1206 2496 1214 2509 ‘

78 2556 146 2602 oure.
180 2553 247 2601 Nam
263 2569 315 2616 qaoe
331 2554 408 2603 diuiso
423 2559 520 2616 portare
536 2569 584 2603 noa
596 2556 886 2617 pessumeuntem
903 2555 1009 2605 lemnia
1026 2559 1115 2614 tollere,
1130 2558 1181 2622 spei

79 2617 215 2667 amaena
226 2624 271 2676 est,
282 2633 352 2680 quom
360 2619 492 2682 pacatioris
495 2619 606 2684 fiducie.

111 2681 125 2716 ²
141 2682 308 2743 Mentemjam
323 2698 409 2746 pavore
420 2689 529 2734 emotum
629 2719 630 2723 ,

113 2747 122 2779 l
141 2748 289 2811 cupiendam
299 2763 440 2812 magnopere
445 2749 507 2806 suit.

109 2819 130 2851 θ’·
146 2811 176 2862 m·
185 2813 267 2879 prelii
276 2813 372 2864 dulim
379 2813 575 2874 euentumfaciet
586 2813 810 2879 speefagoesacilie.

536 2957 722 2980 rum„

77 3059 164 3108 Boon.
174 3058 269 3109 Cellae.
286 3059 402 3110 Petarol.
413 3060 510 3123 Jaeger.
522 3061 607 3121 facilis
621 3074 745 3118 moenem
760 3060 931 3124 Moerl.¹(}ud.
941 3057 1050 3122 crispio.
1061 3059 1179 3109 Rhenen.

76 3125 173 3188 steph.
186 3124 271 3173 Lirin.
282 3125 369 3174 Rivin.
382 3130 406 3174 1.
415 3131 440 3176 2.
453 3127 486 3175 al.
497 3137 563 3177 vett.
574 3126 658 3186 facilis
665 3141 779 3176 accessus.
813 3127 876 3175 Vet.
886 3125 1008 3180 Poleam,
1018 3139 1049 3174 ex
1058 3128 1163 3175 <edendo
1170 3143 1181 3184 ,·

78 3191 148 3239 unde
160 3189 205 3238 ille
216 3191 352 3250 exedendo,
362 3191 429 3254 quod
441 3200 547 3243 servant
558 3194 618 3243 Vel.
628 3193 712 3241 Livio.
724 3191 823 3241 Berlin.
833 3192 900 3242 Eue.
912 3192 994 3252 hang.
1006 3190 1093 3241 Moerl.
1102 3191 1181 3241 Grnt.

77 3263 106 3304 et
119 3262 232 3305 reeentt.
249 3257 389 3305 excedente
400 3257 504 3308 Puteol.
524 3258 640 3306 Rhenen.
656 3256 748 3320 Steph-
760 3257 843 3307 Livio.
855 3257 941 3307 Rivis.
953 3256 987 3304 al.
998 3259 1111 3304 veta-6
1127 3256 1181 3309 Pu·

76 3319 143 3370 teol.
161 3319 282 3377 Rhenum.
301 3321 425 3384 stephan.
439 3323 524 3372 Rivin.
538 3327 561 3371 1.
573 3326 597 3371 2.
613 3322 691 3386 potiar
700 3337 811 3385 evocarer
828 3323 862 3372 at.
873 3337 915 3385 ap.
925 3319 1042 3371 Rhenan.
1057 3321 1181 3381 truncaris,⁸

76 3384 140 3439 vat.
157 3384 268 3435 Poteao.
284 3386 372 3437 Moerl.
390 3388 456 3439 Eae.
474 3387 619 3439 Schonlmn
638 3387 752 3451 Guelplt.
770 3387 853 3450 Lirin.
872 3387 950 3439 Grut.
963 3392 991 3436 et
1009 3393 1121 3437 recentt.
1135 3402 1180 3453 po-

74 3449 267 3509 uerieeoocore.

85 3515 299 3570 .-Cse.xxvrn.
332 3516 472 3565 1‘Moer1.
491 3523 616 3580 pulmenta:
632 3516 720 3568 mele!
742 3517 835 3578 Joeger.
874 3516 1009 3579 ‘Guelplu
1033 3530 1081 3565 aon
1100 3515 1179 3564 auro.-

75 3578 163 3629 mele!
172 3581 260 3631 Amtz.
294 3580 367 3638 Mox,
379 3583 456 3644 ipsum
467 3581 543 3632 deest
551 3587 575 3632 in
584 3584 699 3646 Guelph.
715 3582 827 3643 infestior
837 3580 849 3606 ⁶
858 3584 910 3632 dem
921 3583 1037 3631 Rhenes.
1050 3588 1077 3629 et
1088 3579 1180 3642 Steph.

74 3644 186 3709 infestior
205 3645 306 3694 nemon
324 3645 391 3709 conj.
410 3648 526 3698 Rhenan.
544 3649 624 3700 ‘Non
642 3647 771 3697 aberrare!
787 3649 880 3710 Joeger.
913 3647 1024 3708 infestior
1034 3647 1102 3695 Deus
1117 3645 1179 3700 Ver.

75 3710 191 3760 Puteen.
209 3711 274 3760 Exn.
286 3710 431 3760 Schonhov.
447 3713 517 3762 Gud.
532 3714 619 3764 Moerl.
636 3728 694 3762 cum
709 3714 812 3777 reliquie
828 3712 887 3762 edd.
905 3714 966 3776 qnod
982 3713 1018 3760 ito
1034 3710 1096 3758 ratio
1116 3707 1177 3757 edd.

74 3784 144 3824 vett.
176 3775 244 3824 Vide
255 3776 332 3824 Nott.
344 3777 420 3824 Varr.
437 3793 490 3824 cum
500 3793 563 3840 spem
577 3795 601 3828 o.
615 3794 663 3827 ooo
674 3779 785 3827 laborent
797 3777 961 3842 Gnelph.-2
980 3775 1045 3832 Quid
1055 3774 1116 3838 qaod
1127 3773 1178 3820 lm-

72 3839 181 3903 perator·
199 3841 316 3889 Rhenan.
334 3841 424 3904 steph.
447 3843 531 3892 Rivis.
544 3850 566 3891 1.
578 3848 602 3893 2.
629 3844 698 3900 Quod
715 3845 810 3906 quidem
828 3842 971 3906 imperatori
989 3841 1050 3889 Vet.
1065 3840 1178 3886 Puteau.

77 3905 192 3970 Guelpta
204 3906 268 3956 Exc.
279 3907 424 3958 Sehonlror.
436 3908 520 3959 Livio.
539 3916 568 3958 et
585 3917 696 3959 recentt.
712 3917 740 3958 et
757 3909 795 3958 sic
810 3909 879 3972 conj.
891 3905 993 3958 Acidel.
1010 3904 1114 3966 largitae
1123 3903 1176 3963 suit

573 4037 682 4090 NOTAE
781 4066 785 4077 ›

105 4138 122 4169 ⁸
141 4135 295 4186 Relmeueril
315 4136 390 4200 ecies]
409 4137 436 4187 Si
454 4136 522 4186 forte
539 4136 608 4186 acies
647 4136 720 4193 serit,
731 4145 775 4187 aut
787 4133 1069 4193 fronsexercitus,&c.

76 4213 110 4262 de
121 4215 253 4276 pugnandi
265 4214 526 4264 alacritatenonnilril
535 4214 609 4262 remi·

142 4293 229 4357 Delplr.
240 4300 264 4344 el
277 4295 334 4344 Vur.
345 4296 410 4344 Clas.
547 4295 642 4356 Paneg.
657 4294 711 4343 Vel.
1053 4298 1067 4340 5
1085 4289 1109 4340 A
