2730 4726
456 315 738 367 raancrnrcus.
774 315 849 367 xrr.
870 303 902 367 7.
1137 301 1224 368 1565

126 458 254 547 injuria
280 458 317 525 id
339 458 493 544 quidem:
519 468 658 527 namet
683 459 741 546 qni
763 461 897 527 venturi
922 467 1003 527 sunt
1029 459 1066 527 in
1089 462 1225 531 virtutis

126 564 368 648 adoptionem,l
391 563 450 629 illo
475 568 585 630 tamen
604 564 839 630 adolescentiae
862 564 1002 644 lubrico,
1022 571 1146 631 utnon
1168 587 1226 632 ca·

128 665 235 745 dant:
257 665 413 757 titubant·
457 667 491 731 4.
511 664 568 732 An
593 686 661 730 non
686 655 892 732 clarissimos
917 668 1062 732 nominis
1078 666 1227 734 Romani

95 806 99 810 -
128 769 222 833 viros
249 767 388 852 (Syllae,
416 767 567 846 catulae,
584 765 797 853 ¹Scipiones¹¹
825 770 959 854 loquor)
984 770 1227 854 aliquantisper

130 871 198 951 sibi
212 871 347 935 luxuria
360 871 569 938 vindicavit?
591 893 679 956 qnos
694 873 758 938 etsi
773 870 815 937 ad
832 880 962 955 portum
975 872 1094 937 mutati
1109 872 1145 935 in
1159 893 1227 936 me-

130 972 198 1038 lius
212 975 401 1039 revexerint
417 975 528 1051 flatus,
542 976 601 1040 diu
623 982 730 1042 tamen
745 976 900 1040 vitiorum
915 976 1015 1040 turbo
1024 974 1229 1058 jactavit,.et

129 1077 311 1158 naufragos
337 1083 437 1160 atque
462 1076 648 1153 fluitantes,
671 1079 714 1143 ab
738 1076 820 1155 illis,
842 1078 964 1162 quibus
988 1077 1228 1152 mersabantur,

130 1181 401 1263 erroribusaegre
424 1187 507 1246 aetas
529 1183 664 1265 recepit.
707 1184 741 1247 5.
764 1183 859 1247 Bene
880 1183 983 1265 igitur
1004 1189 1127 1247 cuncta
1147 1199 1230 1265 qna-

131 1283 277 1357 drarunt,
300 1288 335 1347 et
356 1284 489 1359 ceteris,
506 1303 583 1367 quae
606 1285 781 1349 innumera
801 1284 1034 1366 congruebant,
1050 1283 1128 1347 anni
1145 1301 1229 1366 quo-

131 1405 201 1470 que
217 1405 313 1450 suum
324 1384 470 1469 junxere
484 1386 690 1469 suffragium,
704 1389 763 1472 qui
784 1387 849 1450 soli
862 1387 897 1449 in
917 1375 1049 1450 homine
1071 1383 1233 1468 perfectis

131 1488 222 1552 bono
237 1487 375 1552 duarum
392 1489 565 1571 potiuntur
586 1496 740 1567 aetatum,
757 1489 876 1554 vinute
885 1486 1058 1572 juvenum,
1072 1492 1107 1552 et
1120 1492 1230 1553 matu·

132 1590 231 1654 ritate
246 1590 424 1655 seniorum.
467 1591 499 1655 6.
522 1591 622 1655 Prius
642 1591 785 1656 fortasse
806 1590 982 1674 imperinm
1004 1590 1086 1663 inire
1110 1588 1230 1654 debue-

132 1691 191 1769 ris,
207 1700 245 1756 ut
257 1692 386 1757 diutins
400 1693 599 1777 imperares;
622 1693 686 1759 sed
704 1694 776 1758 sine
797 1692 943 1777 exempli
965 1687 1131 1775 periculo¹
1152 1712 1231 1774 pro-

134 1793 312 1878 videbitur,
342 1815 383 1860 ne
412 1795 494 1880 qnid
523 1797 698 1863 amiseris:
731 1797 801 1863 vita
830 1794 978 1879 longiore
1009 1792 1231 1878 pensandum,

169 1990 353 2049 ‘Quoreirtaa
362 1995 409 2046 aidi
417 1996 579 2060 menaporum
590 2001 636 2048 ert.
775 1994 1167 2046 ‘Etrirrorrlnbaatttriareeioa
1196 1996 1198 2001 '

164 2053 183 2099 s
194 2059 266 2109 AEtas
275 2061 348 2110 etiam
358 2063 480 2112 convenit:
496 2077 548 2127 qrroe
559 2077 606 2112 aaa
614 2064 640 2112 in
650 2060 741 2111 homine
751 2060 856 2126 perfecto
865 2067 910 2111 ert.

595 2220 773 2242 ΟΜΝ

134 2317 231 2383 imperii
241 2321 285 2371 tsi.
317 2323 393 2386 Mox,
402 2323 465 2373 Vet.
480 2324 594 2375 Putean.
608 2341 637 2375 ae
651 2324 865 2384 aedilitatibus-4
880 2322 948 2374 Edd.
961 2328 1026 2373 vett.
1038 2322 1093 2377 illos
1110 2321 1234 2380 eatutm

135 2385 196 2434 eod.
209 2385 292 2435 Lirin.
300 2387 324 2436 si
334 2388 387 2437 illos
399 2390 498 2438 catalos
505 2405 516 2447 ,·
533 2391 600 2439 uode
612 2391 654 2440 ille
667 2391 736 2455 conj.
748 2389 829 2455 Sullas
835 2405 845 2448 ,·
862 2399 891 2441 nt
903 2389 999 2453 legitor
1011 2390 1037 2439 in
1048 2388 1111 2438 Vet.
1122 2387 1235 2438 Putean.

136 2455 166 2498 at
176 2450 242 2499 Erre.
253 2451 398 2502 Schonhov.
412 2461 420 2483 ‘
434 2453 565 2505 Audiendi
579 2456 630 2506 duo
645 2454 724 2505 codd.
735 2470 800 2506 unna
811 2455 881 2519 typis
894 2455 1022 2519 volgatur,
1034 2454 1102 2503 alter
1112 2458 1233 2502 exaratos

135 2515 247 2571 calamo.
261 2516 352 2582 Sullas,
372 2518 584 2570 Catuloa’Grnt.
616 2521 717 2570 ‘Nulla
735 2518 786 2570 soit
803 2521 879 2587 ratio,
897 2534 945 2570 cnr
957 2519 1077 2569 Balduin.
1095 2524 1235 2582 reponeret

136 2580 279 2631 reduxerint
289 2581 386 2645 flotus!
402 2583 489 2635 Juret.
522 2587 596 2643 Mox,
618 2583 677 2634 edd.
696 2590 762 2633 vett.
776 2583 942 2650 flactianum·
959 2585 993 2634 al.
1003 2583 1149 2650 flectentem
1173 2579 1233 2630 cod.

136 2642 235 2695 Scheti‘.
247 2653 274 2695 et
286 2647 348 2698 Ver.
360 2648 665 2713 Puteanfluitartea-(t
682 2649 765 2698 Codd·
782 2647 907 2699 Soheffer.
917 2655 945 2698 et
962 2649 1074 2714 Guelplr.
1085 2645 1234 2712 erempltje-

135 2709 208 2760 dicia
240 2711 381 2763 Edd.rett.
391 2714 576 2777 providebatur;
591 2714 649 2764 cod.
660 2712 784 2765 Scireffer.
795 2714 966 2779 providebitur.

632 2861 738 2914 NOTAE

138 2978 293 3038 pereatque.
327 2970 394 3023 Inde
405 2989 549 3040 cognomen
566 2975 670 3027 familiae
704 2974 799 3040 inquit,
815 2976 897 3025 ‘aetas
914 2973 1008 3024 nostris
1026 2969 1127 3037 legibus
1143 2969 1235 3022 decern

138 3047 261 3117 inditum,
280 3056 309 3100 ut
327 3049 442 3101 Annales
459 3051 671 3117 appellarentur?
705 3057 777 3103 annis
789 3053 880 3109 minor,
892 3067 968 3118 quam
980 3047 1139 3101 consularis!

140 3124 200 3175 Lis.
217 3136 264 3175 xc.
283 3129 325 3176 ts.
350 3126 505 3190 Quanquam
520 3128 548 3177 id
566 3128 671 3194 quidem
738 3127 751 3166 t
773 3128 864 3194 Syllae,
887 3130 995 3184 Cataloa
1021 3125 1152 3191 Scipiones]
1179 3124 1236 3175 Hos

138 3199 227 3250 suerat
245 3202 326 3250 molto
345 3213 406 3250 ante
426 3202 569 3266 definitum,
587 3212 616 3252 ut
638 3217 672 3252 ex
707 3205 792 3267 tangit
811 3205 908 3255 'l'ulliua
931 3220 977 3270 pro
1004 3203 1085 3254 Caelio
1112 3216 1172 3266 cap.
1195 3205 1238 3251 2⁸.

140 3275 217 3327 Livio
227 3276 296 3340 ipso,
307 3283 335 3327 et
346 3278 402 3327 aliis
414 3279 583 3342 scriptoribus
594 3278 672 3329 facile
707 3280 850 3347 ‘Equidem
861 3283 957 3331 multos
967 3287 996 3331 et
1007 3280 1059 3330 ridi
1074 3279 1102 3328 in
1117 3278 1164 3327 luc
1175 3277 1238 3328 ciri·

139 3351 281 3414 colligitur.
303 3351 340 3401 At
347 3353 442 3403 Villius
453 3353 505 3404 dici
517 3362 605 3419 potest
616 3370 672 3405 earu
708 3364 775 3414 tate,
783 3366 810 3408 et
822 3357 919 3420 audivi,
930 3370 982 3406 non
994 3355 1071 3406 modo
1085 3355 1128 3420 qui
1142 3353 1239 3416 primo·

139 3429 228 3493 legem
238 3434 284 3478 aot
295 3442 441 3491 renovasse,
452 3439 497 3483 aut
507 3446 574 3483 novo
585 3432 672 3482 edicto
708 3433 778 3486 ribus
790 3433 867 3485 labris
879 3438 1028 3495 gustassent
1045 3444 1126 3496 genua
1140 3430 1189 3480 lroc
1200 3429 1238 3478 ri·

141 3506 268 3570 sanxisse,
295 3513 324 3557 nt
352 3507 497 3572 religiosius
519 3519 674 3562 servaretur·
709 3519 754 3576 tar,
777 3517 804 3562 et
823 3510 957 3574 extremis,
975 3515 1006 3560 ut
1026 3508 1130 3565 dicitur,
1148 3506 1237 3570 digitis

139 3582 221 3646 Saepe
232 3589 319 3633 autem
334 3585 457 3647 gloriatur
470 3586 568 3637 Tullios
580 3603 673 3639 sema·
710 3587 869 3654 attigissent,
881 3585 926 3636 sed
938 3585 980 3651 qui
997 3590 1077 3634 totam
1090 3582 1237 3632 adolescen-

141 3659 267 3722 gistratns
279 3674 366 3709 omnes
378 3675 444 3711 anno
454 3677 511 3726 suo,
519 3663 545 3712 id
557 3671 599 3715 est
609 3664 674 3727 legi·
710 3665 773 3714 tiam
785 3663 961 3727 voluptatibus
976 3661 1146 3722 dedidissent,
1156 3673 1239 3708 emer·

141 3735 191 3805 ltus
207 3734 315 3787 definito
333 3744 510 3788 consecutum.
544 3739 632 3805 Atque
651 3740 674 3789 is
709 3740 773 3789 sitae
789 3739 975 3804 aliquando,et
990 3751 1018 3787 se
1035 3736 1067 3786 ad
1081 3733 1181 3799 frugem
1194 3735 1240 3785 bo·

142 3812 246 3878 quidem
257 3818 373 3876 quaestor
383 3813 408 3862 in
422 3814 536 3864 Siciliam
548 3815 595 3865 ivit
607 3828 674 3866 anno
709 3830 768 3865 nam
788 3823 817 3866 ut
831 3816 926 3866 dicitur
944 3815 1082 3878 recepisse,
1094 3826 1239 3877 gravesque

125 3889 231 3940 'aetatis
242 3903 296 3938 strae
308 3893 349 3939 al.
361 3889 442 3940 aedilis
458 3890 554 3942 curulia
569 3891 619 3942 fuit
631 3907 674 3942 an.
709 3891 824 3942 homines
842 3900 920 3958 atque
937 3891 1052 3941 illustres
1068 3886 1164 3938 foisse?
1196 3888 1237 3938 De

143 3971 185 4016 8⁷.
203 3973 301 4031 praetor
319 3982 360 4018 an.
371 3971 412 4017 to.
422 3983 453 4018 ao
465 3967 567 4020 demum
585 3970 675 4019 consul
710 3969 748 4019 his
760 3967 841 4019 ludus
852 3970 906 4031 agit
917 3968 973 4017 Val·
984 3967 1057 4016 Max.
1068 3980 1108 4015 vr.
1119 3969 1144 4015 9.

144 4047 239 4094 amtt-
270 4043 344 4094 Idem
355 4043 456 4093 Tullius
474 4045 571 4110 Philip.
587 4058 619 4097 rr·
633 4051 676 4098 48.
744 4044 823 4096 ¹Siae
838 4045 939 4108 exempli
955 4042 1070 4108 periculo]
1088 4040 1193 4106 Absque
1205 4053 1239 4091 eo

144 4117 323 4169 Alexandrum
340 4118 406 4169 dicit
421 4121 517 4171 ‘tertio
533 4131 560 4172 et
573 4122 675 4186 trigeri·
710 4120 779 4188 quod
790 4121 924 4189 quisquam
935 4134 1041 4186 sperare
1052 4117 1223 4183 idemposrit.

143 4209 187 4246 nro
198 4209 265 4246 anno
274 4202 382 4247 mortem
390 4194 484 4249 obiisse
493 4195 511 4248 τ’
527 4199 609 4252 ‘Qua
619 4198 678 4257 ert:
