2730 4726
126 308 213 376 1556
525 317 659 368 aarum
684 315 820 369 otetur

126 471 162 536 in
175 473 334 550 tempore,
348 482 417 550 qno
432 463 552 530 ambo⁰
565 465 617 530 ita
631 469 747 530 mutuo
761 459 927 540 crevistis,
940 465 980 526 ut
993 480 1056 527 nec
1070 465 1113 528 tu
1125 460 1225 528 fueris

127 572 236 637 adbuc
250 569 368 655 major,
383 586 446 632 nec
459 567 520 633 illa
534 566 670 633 felicior.
713 566 745 630 3.
768 563 850 630 Huc
870 563 1006 628 accedit
1021 565 1161 630 auditor
1174 585 1223 629 se-

127 681 249 753 natus;
269 672 323 738 cui
342 691 420 736 cum
440 670 574 736 difficile
593 669 638 734 sit
655 687 854 753 proamore,
869 667 987 752 quoin
1007 673 1039 731 tc
1060 669 1224 751 praeditos

128 782 192 851 est,
218 775 261 839 de
285 780 318 839 te
344 774 430 839 satis
455 773 545 854 fieri3
574 780 645 838 tum
667 770 848 848 difficilius,
870 790 931 854 pro
952 770 1104 852 ingenita
1126 780 1224 854 atque

127 873 360 944 haereditariad
375 875 492 940 orandi
506 876 677 955 facultate,
689 894 754 940 noo
770 894 848 938 esse
859 871 996 939 fastidio
1009 873 1128 938 rudem
1139 873 1225 938 bunc

128 990 164 1044 et
192 978 354 1045 incultum
379 977 594 1062 Transalpini
624 978 788 1043 sermonis
816 975 1009 1053 horrorem,e
1036 979 1223 1062 praesertim

128 1101 203 1147 oum
228 1079 384 1145 absurdae
407 1079 613 1164 sinistraeque
629 1078 807 1163 jactantiae
832 1079 944 1164 possit
962 1079 1081 1158 videri,
1100 1080 1155 1146 his
1173 1101 1223 1146 os-

128 1189 256 1248 tentare
283 1179 487 1255 facundiam,
512 1200 613 1265 quam
642 1181 686 1246 de
714 1200 828 1246 eorum
854 1181 947 1246 fonte
969 1191 1167 1251 manantem
1189 1186 1222 1248 in

126 1291 261 1350 nostros
285 1303 393 1368 usque
417 1301 501 1347 usus
526 1282 689 1349 derivatio
712 1304 790 1350 sera
815 1282 976 1349 traduxit.
1027 1285 1064 1349 4.
1090 1285 1221 1365 Quibus

128 1385 281 1471 equidem
299 1385 456 1468 cogitatis
471 1384 558 1450 adeo
575 1383 742 1465 solicitor,
757 1386 814 1451 nt¹
831 1405 896 1449 nou
910 1405 969 1450 eos
984 1391 1116 1451 tantum
1131 1388 1221 1453 bodie

127 1489 262 1554 arbitrer
285 1487 457 1566 interesse,
480 1508 565 1572 quos
590 1509 704 1566 cerno,
727 1487 788 1553 sed
811 1488 966 1553 assistere
988 1490 1221 1573 obversarique

127 1587 260 1655 dicturo
284 1588 434 1654 Catones
453 1590 561 1674 ipsos,
578 1597 614 1654 et
631 1591 775 1668 TullioS,
795 1597 830 1654 et
849 1588 1072 1667 Hortensios,
1095 1609 1221 1655 omues·

127 1711 194 1774 que
208 1690 287 1757 illos
302 1698 452 1757 oratores
467 1698 594 1776 putem,
611 1693 670 1775 qui
684 1712 737 1756 me
751 1693 785 1756 in
800 1691 944 1775 posteris
960 1691 1055 1756 suis·
1071 1691 1221 1757 audiunt.

126 1795 159 1859 5.
181 1793 238 1858 lta
251 1778 432 1879 multiplici
446 1794 688 1860 circumventus
703 1801 807 1873 metu,
823 1793 922 1880 quasi
941 1813 1061 1877 pamm
1084 1793 1222 1860 babeam

127 1897 262 1979 timere3
284 1897 395 1977 video,
410 1895 502 1982 quod
517 1893 674 1962 timeam.f

160 2064 171 2090 e
188 2055 290 2120 Propter
307 2055 414 2106 baum
430 2059 455 2106 et
470 2069 566 2118 quomo
581 2053 708 2116 nmoribn
725 2051 994 2116 mepsrssnorrsdinss,
1009 2053 1135 2120 diffieilior
1147 2061 1182 2106 est
1198 2061 1224 2106 or

126 2121 425 2235 {amomum
442 2121 545 2170 bominis
560 2125 628 2170 bose
637 2119 711 2183 Alpes
720 2117 775 2168 soti
788 2117 866 2169 oratio
883 2119 1017 2168 sestertio
1031 2122 1224 2186 sit,ctqssrrdsv

127 2203 174 2283 *⁰⁴
191 2201 361 2315 disquiras·
370 2248 665 2311 asumuntur.

128 2498 194 2542 vett.
208 2508 252 2557 pre
263 2493 365 2556 gerim
380 2492 456 2543 codd.
467 2491 561 2544 Sobetf.
572 2495 636 2544 Exc.
647 2495 791 2545 Scbonbov.
802 2493 916 2557 Guelpb.
926 2494 988 2543 Vct.
997 2494 1115 2552 Puteum.
1130 2511 1174 2560 pro
1190 2497 1225 2547 is.

126 2560 221 2621 genito,
231 2568 260 2610 ut
271 2559 341 2624 conj.
353 2557 454 2610 Acidsl.
470 2565 543 2623 atque
553 2562 610 2609 odeo
621 2561 765 2610 ineditorio
773 2560 839 2609 Exn.
847 2558 994 2609 Sebonbov.
1005 2564 1115 2623 quoue
1123 2563 1225 2612 Deorsss

128 2625 249 2674 Rbeoan.
267 2625 301 2674 sl.
323 2631 388 2675 vett.
405 2634 434 2674 et
451 2624 565 2689 Guelpb.
588 2627 618 2675 ds
635 2641 714 2675 eorum
733 2625 802 2689 conj.
823 2624 923 2675 Acidal.
958 2625 1010 2674 Pro
1029 2641 1096 2683 usas,
1113 2628 1226 2677 nonnulli

128 2691 285 2739 haustu-4
297 2688 365 2739 Edu.
376 2698 437 2740 ante
448 2691 533 2740 Livio.
549 2689 726 2754 oboervcriqser
734 2690 847 2752 Guelpb.
858 2691 953 2755 aliique
963 2690 1041 2740 codd·
1056 2691 1228 2756 obverniqrse,

56 2787 58 2790 ψ
129 2754 499 2819 uriconj.1.tvtn.erncidst
526 2754 667 2819 ‘AudisstJ
687 2756 781 2804 Daniel
797 2755 973 2805 arbitrabatur
988 2756 1129 2819 genuinum
1147 2759 1226 2821 magis

128 2818 245 2870 adema·
262 2820 388 2870 (irum-b
406 2820 504 2870 ‘Hunc
516 2821 600 2869 locum
612 2822 683 2870 varie
695 2827 837 2870 tentarunt.
869 2819 1027 2884 Boogarsius
1043 2823 1147 2884 scribit,
1156 2823 1227 2887 firgo

128 2888 189 2947 quod
207 2884 311 2934 tineam.
345 2883 444 2935 Probat
462 2886 669 2935 emendationem
683 2886 750 2934 banc
767 2886 905 2935 Gruterus.
938 2886 1052 2948 Lipsius,
1071 2886 1152 2949 osgito
1169 2891 1227 2950 quod

128 2950 234 2999 timeam.
267 2948 401 3000 Acidaliae
412 2958 439 3000 et
451 2951 583 3000 Livineius
595 2952 726 3014 geminant
735 2948 765 2998 rb
775 2950 863 3014 sidera
875 2959 902 2999 et
916 2951 1026 3000 alterum
1038 2950 1072 3000 ad
1085 2952 1226 3009 auditores,

128 3015 240 3064 alterum
252 3015 284 3063 sd
297 3022 411 3065 oratores
427 3024 531 3065 veteres
544 3014 671 3065 referunt.
705 3017 824 3064 Fortasse
836 3016 978 3079 simplicior
987 3017 1139 3067 emendatio
1149 3026 1227 3080 esset,

128 3080 150 3127 si
164 3081 235 3142 prius
246 3083 308 3142 quod
319 3080 538 3143 extingueremus,
550 3080 684 3144 locumque
696 3081 866 3130 scriberemus
882 3082 930 3138 its,
943 3082 1012 3143 quusi
1027 3097 1117 3145 porussi
1132 3083 1227 3132 taum

128 3145 221 3200 anae.
232 3146 299 3194 uideo
308 3147 369 3208 qsod
380 3146 483 3195 mosa.
515 3146 656 3209 Eleganter
667 3154 739 3194 certe
751 3146 814 3195 illud
827 3146 910 3195 babae
920 3153 948 3194 et
958 3147 1038 3196 nidere
1049 3147 1102 3197 sibi
1114 3163 1226 3212 oppone·

128 3217 229 3268 sentiri,
241 3225 382 3275 sensusque
394 3218 473 3273 esset,
482 3225 531 3260 uoo
543 3219 642 3261 tantum
654 3211 753 3260 timoris
763 3226 853 3260 causas
864 3224 892 3259 se
903 3210 998 3260 babere
1009 3211 1035 3260 in
1047 3213 1226 3276 magnitudine

129 3273 270 3337 Principis,
281 3291 369 3326 amore
380 3283 494 3334 senatus,
502 3275 651 3326 infirmitate
663 3291 719 3332 sua,
728 3278 774 3325 sed
785 3283 814 3327 et
824 3275 951 3326 accedere
962 3277 1026 3325 alias
1037 3292 1072 3326 ex
1084 3288 1226 3342 conspectu

129 3353 180 3386 noo
192 3354 281 3388 eornm
293 3342 377 3398 modo,
389 3343 432 3404 qul
451 3350 593 3404 presentes
609 3350 680 3403 snut,
691 3341 737 3390 sed
749 3343 849 3392 illorum
861 3355 973 3405 qnoque,
989 3357 1054 3404 quos
1071 3345 1144 3393 vetut
1161 3359 1226 3407 prse-

128 3412 227 3519 sveotei’
229 3406 310 3454 oculis
321 3407 389 3520 suisV
384 3408 519 3457 obversari
529 3405 662 3473 fingebat?
677 3407 794 3472 Sclseffer.
822 3407 891 3457 Vide
899 3408 978 3458 Nott.
987 3409 1065 3459 Vsrr.
1089 3411 1151 3474 quod
1161 3409 1225 3460 vides

156 3477 191 3520 et.
229 3477 355 3521 oleamet
391 3478 426 3522 at.
770 3493 773 3498 ·

620 3570 646 3620 N
650 3567 731 3619 0¹1*AE

128 3728 130 3732 ι
163 3662 281 3727 οΔιιιὸο]
297 3664 380 3713 Roma
394 3671 422 3714 et
433 3666 602 3717 Theodosius.
699 3665 811 3716 deudum
839 3667 920 3717 visum
941 3672 982 3716 est
1003 3681 1037 3716 ex
1064 3667 1185 3719 Livineio
1199 3672 1224 3717 et

162 3739 271 3805 ‘Atque
289 3741 456 3808 hereditario]
481 3744 514 3794 Iu
533 3745 589 3794 aliis
609 3750 659 3807 est,
697 3743 836 3794 Balduioo.
879 3745 975 3794 Sensus
994 3758 1057 3793 vero
1080 3756 1133 3804 est,
1156 3746 1223 3810 qnasi

126 3822 197 3881 ntqse
207 3821 264 3867 odeo
273 3819 435 3868 mundo.
698 3835 749 3870 non
761 3821 822 3870 satis
835 3821 932 3871 timoris
944 3823 1084 3887 incutiant,
1096 3840 1155 3888 quss
1171 3838 1224 3873 ver·

162 3900 174 3927 ⁸
190 3893 220 3942 ls
236 3894 417 3958 posteritatis]
442 3896 521 3947 Quasi
536 3897 613 3948 bodie
631 3897 658 3948 in
699 3904 789 3947 santur
800 3898 833 3948 cb
845 3900 945 3958 oculos,
961 3913 1056 3963 nempe
1077 3911 1182 3951 senatos
1198 3908 1224 3949 et

130 3970 242 4030 posteris
253 3971 305 4018 suis
316 3971 504 4022 reviviscentes
522 3973 580 4024 bnic
592 3988 658 4023 mera
697 3973 856 4036 imperotor3
873 3985 1014 4025 occurrunt
1031 3984 1162 4040 praeterea
1171 3978 1224 4026 alin

130 4045 239 4094 orationi
249 4059 335 4095 coram
345 4043 475 4101 intersint.
698 4049 796 4097 timoris
815 4065 911 4108 causa,
929 4065 1024 4114 nempe
1042 4060 1161 4103 veterum
1173 4068 1224 4103 orr-

163 4119 172 4153 ¹
191 4122 273 4176 Video,
289 4124 350 4187 qaod
370 4124 478 4188 fimum]
495 4124 564 4175 Illud
581 4127 658 4186 rideo,
699 4133 782 4175 torum
791 4129 924 4192 cogitatio,
933 4143 997 4194 quos
1008 4129 1051 4178 bic
1063 4129 1223 4181 intuevimibi

132 4199 200 4263 quod
212 4199 287 4251 obest
301 4200 327 4249 io
343 4200 456 4250 editione
475 4201 602 4257 Potesne,
614 4202 659 4251 ad·
699 4201 796 4252 videor.
