<?xml version="1.0" encoding="UTF-8"?>
<!DOCTYPE html PUBLIC "-//W3C//DTD XHTML 1.0 Transitional//EN"
    "http://www.w3.org/TR/xhtml1/DTD/xhtml1-transitional.dtd">
<html xmlns="http://www.w3.org/1999/xhtml" xml:lang="en" lang="en">
 <head>
  <title>
</title>
<meta http-equiv="Content-Type" content="text/html;charset=utf-8" />
  <meta name='ocr-system' content='tesseract 3.04.00' />
  <meta name='ocr-capabilities' content='ocr_page ocr_carea ocr_par ocr_line ocrx_word'/>
</head>
<body>
  <div class='ocr_page' id='page_1' title='image "./panegyriciveter01baungoog_0116.png"; bbox 0 0 2730 4726; ppageno 0'>
   <div class='ocr_carea' id='block_1_1' title="bbox 496 304 1244 383">
    <p class='ocr_par' dir='ltr' id='par_1_1' title="bbox 496 304 1244 383">
     <span class='ocr_line' id='line_1_1' title="bbox 496 304 1244 383; baseline 0.004 -3"><span class='ocrx_word' id='word_1_1' title='bbox 496 329 735 381; x_wconf 75' lang='lat' dir='ltr'><strong>unximus.</strong></span> <span class='ocrx_word' id='word_1_2' title='bbox 774 330 832 380; x_wconf 82' lang='grc' dir='ltr'><strong>ιιι.</strong></span> <span class='ocrx_word' id='word_1_3' title='bbox 854 304 890 380; x_wconf 84' lang='grc'><strong>4.’</strong></span> <span class='ocrx_word' id='word_1_4' title='bbox 1155 315 1244 383; x_wconf 74' lang='lat' dir='ltr'><strong>lana</strong></span> 
     </span>
    </p>
   </div>
   <div class='ocr_carea' id='block_1_2' title="bbox 131 474 1243 2622">
    <p class='ocr_par' dir='ltr' id='par_1_2' title="bbox 132 474 1243 1888">
     <span class='ocr_line' id='line_1_2' title="bbox 138 474 1243 563; baseline -0.004 -15"><span class='ocrx_word' id='word_1_5' title='bbox 138 481 233 548; x_wconf 82' lang='lat' dir='ltr'><strong>tandi</strong></span> <span class='ocrx_word' id='word_1_6' title='bbox 254 478 365 544; x_wconf 85' lang='lat' dir='ltr'><strong>multa</strong></span> <span class='ocrx_word' id='word_1_7' title='bbox 385 477 513 543; x_wconf 74' lang='lat' dir='ltr'><strong>faciam</strong></span> <span class='ocrx_word' id='word_1_8' title='bbox 533 478 640 563; x_wconf 88' lang='lat' dir='ltr'><strong>ipsius</strong></span> <span class='ocrx_word' id='word_1_9' title='bbox 649 477 781 543; x_wconf 83' lang='lat' dir='ltr'><strong>similia</strong></span> <span class='ocrx_word' id='word_1_10' title='bbox 796 475 958 542; x_wconf 85' lang='lat' dir='ltr'><strong>Victoris.</strong></span> <span class='ocrx_word' id='word_1_11' title='bbox 1000 474 1034 542; x_wconf 80' lang='lat'><strong>8.</strong></span> <span class='ocrx_word' id='word_1_12' title='bbox 1057 474 1170 557; x_wconf 85' lang='lat' dir='ltr'><strong>Adeo,</strong></span> <span class='ocrx_word' id='word_1_13' title='bbox 1185 496 1243 544; x_wconf 54' lang='lat' dir='ltr'><strong>aa*</strong></span> 
     </span>
     <span class='ocr_line' id='line_1_3' title="bbox 136 578 1241 665; baseline -0.003 -14"><span class='ocrx_word' id='word_1_14' title='bbox 136 583 328 651; x_wconf 81' lang='lat' dir='ltr'><strong>cratissima</strong></span> <span class='ocrx_word' id='word_1_15' title='bbox 353 578 551 665; x_wconf 80' lang='lat' dir='ltr'>Imperator,</span> <span class='ocrx_word' id='word_1_16' title='bbox 572 589 711 664; x_wconf 88' lang='lat' dir='ltr'><strong>utraque</strong></span> <span class='ocrx_word' id='word_1_17' title='bbox 736 585 848 645; x_wconf 82' lang='lat' dir='ltr'><strong>uestra</strong></span> <span class='ocrx_word' id='word_1_18' title='bbox 869 579 1005 644; x_wconf 90' lang='lat' dir='ltr'><strong>numina</strong></span> <span class='ocrx_word' id='word_1_19' title='bbox 1027 599 1159 664; x_wconf 84' lang='lat' dir='ltr'><strong>semper</strong></span> <span class='ocrx_word' id='word_1_20' title='bbox 1180 582 1241 648; x_wconf 86' lang='lat' dir='ltr'><strong>eli·</strong></span> 
     </span>
     <span class='ocr_line' id='line_1_4' title="bbox 134 681 1242 772; baseline 0 -21"><span class='ocrx_word' id='word_1_21' title='bbox 134 685 220 772; x_wconf 90' lang='lat' dir='ltr'><strong>quid</strong></span> <span class='ocrx_word' id='word_1_22' title='bbox 243 690 360 767; x_wconf 79' lang='lat' dir='ltr'><strong>agunt,</strong></span> <span class='ocrx_word' id='word_1_23' title='bbox 375 681 607 768; x_wconf 71' lang='lat' dir='ltr'><strong>agendumque</strong></span> <span class='ocrx_word' id='word_1_24' title='bbox 628 689 754 762; x_wconf 87' lang='lat' dir='ltr'><strong>curant,</strong></span> <span class='ocrx_word' id='word_1_25' title='bbox 774 688 813 748; x_wconf 91' lang='lat' dir='ltr'><strong>ut</strong></span> <span class='ocrx_word' id='word_1_26' title='bbox 830 682 904 767; x_wconf 88' lang='lat' dir='ltr'><strong>jam</strong></span> <span class='ocrx_word' id='word_1_27' title='bbox 926 683 1025 747; x_wconf 89' lang='lat' dir='ltr'><strong>nobis</strong></span> <span class='ocrx_word' id='word_1_28' title='bbox 1047 683 1117 760; x_wconf 88' lang='lat' dir='ltr'><strong>illa,</strong></span> <span class='ocrx_word' id='word_1_29' title='bbox 1138 704 1242 767; x_wconf 84' lang='lat' dir='ltr'><strong>qnam</strong></span> 
     </span>
     <span class='ocr_line' id='line_1_5' title="bbox 134 786 1241 874; baseline 0 -20"><span class='ocrx_word' id='word_1_30' title='bbox 134 808 200 874; x_wconf 83' lang='lat' dir='ltr'><strong>pro</strong></span> <span class='ocrx_word' id='word_1_31' title='bbox 215 787 316 854; x_wconf 82' lang='lat' dir='ltr'><strong>vobis</strong></span> <span class='ocrx_word' id='word_1_32' title='bbox 330 805 601 873; x_wconf 71' lang='lat' dir='ltr'><strong>susceperamus,</strong></span> <span class='ocrx_word' id='word_1_33' title='bbox 617 806 696 852; x_wconf 84' lang='lat' dir='ltr'><strong>cura</strong></span> <span class='ocrx_word' id='word_1_34' title='bbox 711 787 867 871; x_wconf 86' lang='lat' dir='ltr'><strong>ponenda</strong></span> <span class='ocrx_word' id='word_1_35' title='bbox 882 786 945 851; x_wconf 87' lang='lat' dir='ltr'><strong>sit:</strong></span> <span class='ocrx_word' id='word_1_36' title='bbox 968 805 1045 852; x_wconf 92' lang='lat' dir='ltr'><strong>cnm</strong></span> <span class='ocrx_word' id='word_1_37' title='bbox 1061 807 1127 851; x_wconf 91' lang='lat' dir='ltr'><strong>non</strong></span> <span class='ocrx_word' id='word_1_38' title='bbox 1143 789 1241 854; x_wconf 91' lang='lat' dir='ltr'><strong>labo·</strong></span> 
     </span>
     <span class='ocr_line' id='line_1_6' title="bbox 133 888 1241 976; baseline 0 -17"><span class='ocrx_word' id='word_1_39' title='bbox 133 910 211 959; x_wconf 75' lang='lat' dir='ltr'><strong>aare</strong></span> <span class='ocrx_word' id='word_1_40' title='bbox 235 910 310 971; x_wconf 84' lang='lat' dir='ltr'><strong>vos,</strong></span> <span class='ocrx_word' id='word_1_41' title='bbox 335 891 399 958; x_wconf 85' lang='lat' dir='ltr'><strong>sed</strong></span> <span class='ocrx_word' id='word_1_42' title='bbox 423 899 578 976; x_wconf 83' lang='lat' dir='ltr'><strong>parentes</strong></span> <span class='ocrx_word' id='word_1_43' title='bbox 606 892 698 956; x_wconf 85' lang='lat' dir='ltr'><strong>Deos</strong></span> <span class='ocrx_word' id='word_1_44' title='bbox 721 891 896 957; x_wconf 85' lang='lat' dir='ltr'><strong>videamus</strong></span> <span class='ocrx_word' id='word_1_45' title='bbox 921 888 1065 956; x_wconf 80' lang='lat' dir='ltr'><strong>imitari:</strong></span> <span class='ocrx_word' id='word_1_46' title='bbox 1095 911 1241 976; x_wconf 89' lang='lat' dir='ltr'><strong>cumque</strong></span> 
     </span>
     <span class='ocr_line' id='line_1_7' title="bbox 134 994 1241 1086; baseline 0.003 -27"><span class='ocrx_word' id='word_1_47' title='bbox 134 1002 311 1086; x_wconf 67' lang='lat' dir='ltr'><strong>praeterea⁸</strong></span> <span class='ocrx_word' id='word_1_48' title='bbox 328 995 511 1078; x_wconf 77' lang='lat' dir='ltr'><strong>ingenitum</strong></span> <span class='ocrx_word' id='word_1_49' title='bbox 539 994 634 1059; x_wconf 89' lang='lat' dir='ltr'><strong>illam</strong></span> <span class='ocrx_word' id='word_1_50' title='bbox 661 995 763 1060; x_wconf 88' lang='lat' dir='ltr'><strong>vobis</strong></span> <span class='ocrx_word' id='word_1_51' title='bbox 789 994 913 1060; x_wconf 81' lang='lat' dir='ltr'><strong>divinae</strong></span> <span class='ocrx_word' id='word_1_52' title='bbox 940 995 1062 1060; x_wconf 84' lang='lat' dir='ltr'><strong>mentis</strong></span> <span class='ocrx_word' id='word_1_53' title='bbox 1088 996 1241 1062; x_wconf 85' lang='lat' dir='ltr'><strong>ardorem</strong></span> 
     </span>
     <span class='ocr_line' id='line_1_8' title="bbox 133 1097 1240 1183; baseline 0.001 -20"><span class='ocrx_word' id='word_1_54' title='bbox 133 1097 241 1163; x_wconf 85' lang='lat' dir='ltr'><strong>etiam</strong></span> <span class='ocrx_word' id='word_1_55' title='bbox 262 1116 481 1183; x_wconf 68' lang='lat' dir='ltr'><strong>earumque</strong></span> <span class='ocrx_word' id='word_1_56' title='bbox 502 1097 620 1182; x_wconf 83' lang='lat' dir='ltr'><strong>primae</strong></span> <span class='ocrx_word' id='word_1_57' title='bbox 642 1116 704 1163; x_wconf 80' lang='lat' dir='ltr'><strong>vos</strong></span> <span class='ocrx_word' id='word_1_58' title='bbox 723 1117 913 1182; x_wconf 83' lang='lat' dir='ltr'><strong>suscepere,</strong></span> <span class='ocrx_word' id='word_1_59' title='bbox 930 1099 1101 1181; x_wconf 86' lang='lat' dir='ltr'><strong>regionum</strong></span> <span class='ocrx_word' id='word_1_60' title='bbox 1121 1099 1240 1165; x_wconf 86' lang='lat' dir='ltr'><strong>alacri·</strong></span> 
     </span>
     <span class='ocr_line' id='line_1_9' title="bbox 133 1200 1240 1286; baseline 0.003 -21"><span class='ocrx_word' id='word_1_61' title='bbox 133 1208 191 1266; x_wconf 87' lang='lat' dir='ltr'><strong>tas</strong></span> <span class='ocrx_word' id='word_1_62' title='bbox 214 1202 382 1268; x_wconf 80' lang='lat' dir='ltr'><strong>excitarit.</strong></span> <span class='ocrx_word' id='word_1_63' title='bbox 425 1204 459 1268; x_wconf 89' lang='grc'><strong>9.</strong></span> <span class='ocrx_word' id='word_1_64' title='bbox 482 1201 562 1266; x_wconf 90' lang='lat' dir='ltr'><strong>Non</strong></span> <span class='ocrx_word' id='word_1_65' title='bbox 583 1202 725 1266; x_wconf 91' lang='lat' dir='ltr'><strong>enimin</strong></span> <span class='ocrx_word' id='word_1_66' title='bbox 748 1200 886 1267; x_wconf 77' lang='lat' dir='ltr'><strong>otiosa·</strong></span> <span class='ocrx_word' id='word_1_67' title='bbox 899 1202 1025 1285; x_wconf 87' lang='lat' dir='ltr'><strong>eliqua,</strong></span> <span class='ocrx_word' id='word_1_68' title='bbox 1040 1202 1240 1286; x_wconf 80' lang='lat' dir='ltr'><strong>deliciisque</strong></span> 
     </span>
     <span class='ocr_line' id='line_1_10' title="bbox 134 1305 1241 1391; baseline 0.001 -22"><span class='ocrx_word' id='word_1_69' title='bbox 134 1313 295 1389; x_wconf 82' lang='lat' dir='ltr'><strong>corrupta</strong></span> <span class='ocrx_word' id='word_1_70' title='bbox 317 1312 415 1390; x_wconf 86' lang='lat' dir='ltr'><strong>parte</strong></span> <span class='ocrx_word' id='word_1_71' title='bbox 436 1309 595 1371; x_wconf 79' lang='lat' dir='ltr'><strong>ternarum</strong></span> <span class='ocrx_word' id='word_1_72' title='bbox 617 1306 688 1370; x_wconf 86' lang='lat' dir='ltr'><strong>nati</strong></span> <span class='ocrx_word' id='word_1_73' title='bbox 707 1305 917 1391; x_wconf 78' lang='lat' dir='ltr'><strong>institutique</strong></span> <span class='ocrx_word' id='word_1_74' title='bbox 939 1305 1032 1382; x_wconf 89' lang='lat' dir='ltr'><strong>estis,</strong></span> <span class='ocrx_word' id='word_1_75' title='bbox 1050 1305 1109 1370; x_wconf 86' lang='lat' dir='ltr'><strong>sed</strong></span> <span class='ocrx_word' id='word_1_76' title='bbox 1129 1306 1165 1368; x_wconf 91' lang='lat' dir='ltr'><strong>in</strong></span> <span class='ocrx_word' id='word_1_77' title='bbox 1187 1305 1241 1370; x_wconf 89' lang='lat' dir='ltr'><strong>his</strong></span> 
     </span>
     <span class='ocr_line' id='line_1_11' title="bbox 133 1407 1240 1494; baseline 0.002 -22"><span class='ocrx_word' id='word_1_78' title='bbox 133 1408 336 1491; x_wconf 80' lang='lat' dir='ltr'><strong>provinciis,</strong></span> <span class='ocrx_word' id='word_1_79' title='bbox 360 1427 445 1494; x_wconf 86' lang='lat' dir='ltr'><strong>quas</strong></span> <span class='ocrx_word' id='word_1_80' title='bbox 472 1407 517 1474; x_wconf 87' lang='lat' dir='ltr'><strong>ad</strong></span> <span class='ocrx_word' id='word_1_81' title='bbox 542 1408 785 1491; x_wconf 79' lang='lat' dir='ltr'><strong>infatigabilem</strong></span> <span class='ocrx_word' id='word_1_82' title='bbox 810 1407 1088 1474; x_wconf 85' lang='lat' dir='ltr'><strong>consuetudinem</strong></span> <span class='ocrx_word' id='word_1_83' title='bbox 1113 1407 1240 1474; x_wconf 81' lang='lat' dir='ltr'><strong>laboris</strong></span> 
     </span>
     <span class='ocr_line' id='line_1_12' title="bbox 133 1510 1240 1597; baseline 0.002 -23"><span class='ocrx_word' id='word_1_84' title='bbox 133 1517 242 1597; x_wconf 85' lang='lat' dir='ltr'><strong>atque</strong></span> <span class='ocrx_word' id='word_1_85' title='bbox 258 1513 441 1595; x_wconf 69' lang='lat' dir='ltr'><strong>patientia,</strong></span> <span class='ocrx_word' id='word_1_86' title='bbox 452 1510 578 1577; x_wconf 81' lang='lat' dir='ltr'><strong>fractus</strong></span> <span class='ocrx_word' id='word_1_87' title='bbox 593 1512 672 1576; x_wconf 91' lang='lat' dir='ltr'><strong>licet</strong></span> <span class='ocrx_word' id='word_1_88' title='bbox 687 1511 866 1596; x_wconf 82' lang='lat' dir='ltr'><strong>oppositus</strong></span> <span class='ocrx_word' id='word_1_89' title='bbox 881 1510 1110 1590; x_wconf 66' lang='lat' dir='ltr'><strong>beatissimis</strong></span> <span class='ocrx_word' id='word_1_90' title='bbox 1126 1518 1240 1577; x_wconf 84' lang='lat' dir='ltr'><strong>tamen</strong></span> 
     </span>
     <span class='ocr_line' id='line_1_13' title="bbox 134 1610 1239 1699; baseline 0.001 -21"><span class='ocrx_word' id='word_1_91' title='bbox 134 1632 272 1699; x_wconf 84' lang='lat' dir='ltr'><strong>semper</strong></span> <span class='ocrx_word' id='word_1_92' title='bbox 293 1616 474 1681; x_wconf 88' lang='lat' dir='ltr'><strong>instructus</strong></span> <span class='ocrx_word' id='word_1_93' title='bbox 495 1616 592 1681; x_wconf 90' lang='lat' dir='ltr'><strong>limes</strong></span> <span class='ocrx_word' id='word_1_94' title='bbox 613 1623 763 1691; x_wconf 84' lang='lat' dir='ltr'><strong>exercet,</strong></span> <span class='ocrx_word' id='word_1_95' title='bbox 779 1614 814 1678; x_wconf 91' lang='lat' dir='ltr'><strong>in</strong></span> <span class='ocrx_word' id='word_1_96' title='bbox 829 1615 953 1699; x_wconf 90' lang='lat' dir='ltr'><strong>quibus</strong></span> <span class='ocrx_word' id='word_1_97' title='bbox 968 1614 1077 1680; x_wconf 92' lang='lat' dir='ltr'><strong>omnis</strong></span> <span class='ocrx_word' id='word_1_98' title='bbox 1092 1614 1165 1680; x_wconf 86' lang='lat' dir='ltr'><strong>vita</strong></span> <span class='ocrx_word' id='word_1_99' title='bbox 1179 1610 1239 1679; x_wconf 83' lang='lat' dir='ltr'><strong>ini·</strong></span> 
     </span>
     <span class='ocr_line' id='line_1_14' title="bbox 133 1715 1240 1803; baseline 0 -21"><span class='ocrx_word' id='word_1_100' title='bbox 133 1716 214 1782; x_wconf 91' lang='lat' dir='ltr'><strong>litia</strong></span> <span class='ocrx_word' id='word_1_101' title='bbox 238 1724 300 1798; x_wconf 88' lang='lat' dir='ltr'><strong>est,</strong></span> <span class='ocrx_word' id='word_1_102' title='bbox 323 1739 462 1803; x_wconf 86' lang='lat' dir='ltr'><strong>quarum</strong></span> <span class='ocrx_word' id='word_1_103' title='bbox 484 1720 586 1785; x_wconf 87' lang='lat' dir='ltr'><strong>etiam</strong></span> <span class='ocrx_word' id='word_1_104' title='bbox 608 1717 758 1785; x_wconf 85' lang='lat' dir='ltr'><strong>soeminee</strong></span> <span class='ocrx_word' id='word_1_105' title='bbox 781 1727 963 1784; x_wconf 84' lang='lat' dir='ltr'><strong>ceterarum</strong></span> <span class='ocrx_word' id='word_1_106' title='bbox 987 1717 1136 1801; x_wconf 82' lang='lat' dir='ltr'><strong>gentium</strong></span> <span class='ocrx_word' id='word_1_107' title='bbox 1158 1715 1240 1782; x_wconf 81' lang='lat' dir='ltr'><strong>viris</strong></span> 
     </span>
     <span class='ocr_line' id='line_1_15' title="bbox 132 1818 392 1888; baseline 0.019 -5"><span class='ocrx_word' id='word_1_108' title='bbox 132 1818 289 1886; x_wconf 81' lang='lat' dir='ltr'><strong>fortiores</strong></span> <span class='ocrx_word' id='word_1_109' title='bbox 305 1828 392 1888; x_wconf 78' lang='lat' dir='ltr'><strong>sant</strong></span> 
     </span>
    </p>

    <p class='ocr_par' dir='ltr' id='par_1_3' title="bbox 131 1920 1241 2622">
     <span class='ocr_line' id='line_1_16' title="bbox 179 1920 1240 2010; baseline -0.003 -22"><span class='ocrx_word' id='word_1_110' title='bbox 179 1921 273 1988; x_wconf 77' lang='lat' dir='ltr'><strong>Gna.</strong></span> <span class='ocrx_word' id='word_1_111' title='bbox 295 1941 346 1988; x_wconf 89' lang='grc' dir='ltr'><strong>ιν.</strong></span> <span class='ocrx_word' id='word_1_112' title='bbox 374 1925 407 1990; x_wconf 95' lang='grc'><strong>1.</strong></span> <span class='ocrx_word' id='word_1_113' title='bbox 430 1926 486 1991; x_wconf 86' lang='lat' dir='ltr'><strong>Ex</strong></span> <span class='ocrx_word' id='word_1_114' title='bbox 504 1925 581 1992; x_wconf 90' lang='lat' dir='ltr'><strong>istis</strong></span> <span class='ocrx_word' id='word_1_115' title='bbox 598 1945 677 2010; x_wconf 83' lang='lat' dir='ltr'><strong>ergo</strong></span> <span class='ocrx_word' id='word_1_116' title='bbox 700 1920 815 1991; x_wconf 88' lang='lat' dir='ltr'><strong>causis</strong></span> <span class='ocrx_word' id='word_1_117' title='bbox 838 1923 953 2009; x_wconf 80' lang='lat' dir='ltr'><strong>stirpis</strong></span> <span class='ocrx_word' id='word_1_118' title='bbox 968 1928 1097 2000; x_wconf 86' lang='lat' dir='ltr'><strong>vestrae,</strong></span> <span class='ocrx_word' id='word_1_119' title='bbox 1111 1920 1240 2006; x_wconf 83' lang='lat' dir='ltr'><strong>patrio·</strong></span> 
     </span>
     <span class='ocr_line' id='line_1_17' title="bbox 132 2023 1241 2111; baseline -0.005 -20"><span class='ocrx_word' id='word_1_120' title='bbox 132 2043 273 2111; x_wconf 88' lang='lat' dir='ltr'><strong>rumque</strong></span> <span class='ocrx_word' id='word_1_121' title='bbox 294 2028 531 2110; x_wconf 84' lang='lat' dir='ltr'><strong>institutorum,</strong></span> <span class='ocrx_word' id='word_1_122' title='bbox 545 2029 606 2095; x_wconf 87' lang='lat' dir='ltr'><strong>illa</strong></span> <span class='ocrx_word' id='word_1_123' title='bbox 627 2029 775 2106; x_wconf 86' lang='lat' dir='ltr'><strong>veniunt,</strong></span> <span class='ocrx_word' id='word_1_124' title='bbox 790 2047 868 2111; x_wconf 84' lang='lat' dir='ltr'><strong>qnae</strong></span> <span class='ocrx_word' id='word_1_125' title='bbox 891 2045 985 2109; x_wconf 86' lang='lat' dir='ltr'><strong>saepe</strong></span> <span class='ocrx_word' id='word_1_126' title='bbox 1007 2023 1173 2100; x_wconf 77' lang='lat' dir='ltr'><strong>miramur,</strong></span> <span class='ocrx_word' id='word_1_127' title='bbox 1189 2023 1241 2086; x_wconf 91' lang='lat' dir='ltr'><strong>in·</strong></span> 
     </span>
     <span class='ocr_line' id='line_1_18' title="bbox 131 2124 1241 2216; baseline -0.003 -24"><span class='ocrx_word' id='word_1_128' title='bbox 131 2127 264 2193; x_wconf 79' lang='lat' dir='ltr'><strong>tendum</strong></span> <span class='ocrx_word' id='word_1_129' title='bbox 289 2131 405 2209; x_wconf 86' lang='lat' dir='ltr'><strong>etiam,</strong></span> <span class='ocrx_word' id='word_1_130' title='bbox 427 2150 489 2216; x_wconf 83' lang='lat' dir='ltr'><strong>pro</strong></span> <span class='ocrx_word' id='word_1_131' title='bbox 514 2132 638 2196; x_wconf 90' lang='lat' dir='ltr'><strong>amoris</strong></span> <span class='ocrx_word' id='word_1_132' title='bbox 660 2129 879 2213; x_wconf 86' lang='lat' dir='ltr'><strong>impatientia,</strong></span> <span class='ocrx_word' id='word_1_133' title='bbox 906 2127 1120 2203; x_wconf 85' lang='lat' dir='ltr'><strong>timebamus,</strong></span> <span class='ocrx_word' id='word_1_134' title='bbox 1147 2124 1241 2208; x_wconf 91' lang='lat' dir='ltr'><strong>quod</strong></span> 
     </span>
     <span class='ocr_line' id='line_1_19' title="bbox 131 2226 1238 2316; baseline -0.002 -22"><span class='ocrx_word' id='word_1_135' title='bbox 131 2230 367 2315; x_wconf 82' lang='lat' dir='ltr'><strong>expeditiones</strong></span> <span class='ocrx_word' id='word_1_136' title='bbox 390 2239 518 2300; x_wconf 82' lang='lat' dir='ltr'><strong>vestras</strong></span> <span class='ocrx_word' id='word_1_137' title='bbox 539 2253 713 2299; x_wconf 86' lang='lat' dir='ltr'><strong>numerare</strong></span> <span class='ocrx_word' id='word_1_138' title='bbox 736 2253 801 2297; x_wconf 89' lang='lat' dir='ltr'><strong>non</strong></span> <span class='ocrx_word' id='word_1_139' title='bbox 823 2248 1029 2316; x_wconf 89' lang='lat' dir='ltr'><strong>possumus;</strong></span> <span class='ocrx_word' id='word_1_140' title='bbox 1053 2227 1143 2313; x_wconf 87' lang='lat' dir='ltr'><strong>quod</strong></span> <span class='ocrx_word' id='word_1_141' title='bbox 1166 2226 1238 2307; x_wconf 86' lang='lat' dir='ltr'><strong>diu·</strong></span> 
     </span>
     <span class='ocr_line' id='line_1_20' title="bbox 132 2330 1241 2417; baseline 0 -21"><span class='ocrx_word' id='word_1_142' title='bbox 132 2331 204 2396; x_wconf 87' lang='lat' dir='ltr'><strong>tius</strong></span> <span class='ocrx_word' id='word_1_143' title='bbox 226 2335 261 2398; x_wconf 94' lang='lat' dir='ltr'><strong>in</strong></span> <span class='ocrx_word' id='word_1_144' title='bbox 281 2335 402 2398; x_wconf 86' lang='lat' dir='ltr'><strong>iisdem</strong></span> <span class='ocrx_word' id='word_1_145' title='bbox 422 2354 556 2399; x_wconf 89' lang='lat' dir='ltr'><strong>manere</strong></span> <span class='ocrx_word' id='word_1_146' title='bbox 577 2334 731 2417; x_wconf 84' lang='lat' dir='ltr'><strong>vestigiis</strong></span> <span class='ocrx_word' id='word_1_147' title='bbox 754 2333 995 2416; x_wconf 84' lang='lat' dir='ltr'><strong>dedignamini3</strong></span> <span class='ocrx_word' id='word_1_148' title='bbox 1017 2330 1109 2415; x_wconf 91' lang='lat' dir='ltr'><strong>quod</strong></span> <span class='ocrx_word' id='word_1_149' title='bbox 1133 2350 1195 2396; x_wconf 87' lang='lat' dir='ltr'><strong>vos</strong></span> <span class='ocrx_word' id='word_1_150' title='bbox 1218 2350 1241 2396; x_wconf 84' lang='lat' dir='ltr'><strong>a</strong></span> 
     </span>
     <span class='ocr_line' id='line_1_21' title="bbox 133 2433 1240 2518; baseline -0.002 -18"><span class='ocrx_word' id='word_1_151' title='bbox 133 2434 294 2500; x_wconf 88' lang='lat' dir='ltr'><strong>continuo</strong></span> <span class='ocrx_word' id='word_1_152' title='bbox 313 2454 422 2500; x_wconf 83' lang='lat' dir='ltr'><strong>rerum</strong></span> <span class='ocrx_word' id='word_1_153' title='bbox 444 2455 544 2500; x_wconf 89' lang='lat' dir='ltr'><strong>cursu</strong></span> <span class='ocrx_word' id='word_1_154' title='bbox 563 2434 783 2518; x_wconf 85' lang='lat' dir='ltr'><strong>gerendarum</strong></span> <span class='ocrx_word' id='word_1_155' title='bbox 798 2455 863 2500; x_wconf 90' lang='lat' dir='ltr'><strong>non</strong></span> <span class='ocrx_word' id='word_1_156' title='bbox 879 2435 981 2499; x_wconf 89' lang='lat' dir='ltr'><strong>modo</strong></span> <span class='ocrx_word' id='word_1_157' title='bbox 997 2433 1177 2498; x_wconf 84' lang='lat' dir='ltr'><strong>amoenitas</strong></span> <span class='ocrx_word' id='word_1_158' title='bbox 1190 2433 1240 2498; x_wconf 93' lang='lat' dir='ltr'><strong>lo·</strong></span> 
     </span>
     <span class='ocr_line' id='line_1_22' title="bbox 132 2536 1239 2622; baseline -0.003 -19"><span class='ocrx_word' id='word_1_159' title='bbox 132 2537 279 2618; x_wconf 75' lang='lat' dir='ltr'><strong>corum,b</strong></span> <span class='ocrx_word' id='word_1_160' title='bbox 299 2545 360 2604; x_wconf 87' lang='lat' dir='ltr'><strong>ant</strong></span> <span class='ocrx_word' id='word_1_161' title='bbox 381 2539 542 2604; x_wconf 78' lang='lat' dir='ltr'><strong>nobilitas</strong></span> <span class='ocrx_word' id='word_1_162' title='bbox 564 2538 708 2618; x_wconf 85' lang='lat' dir='ltr'><strong>urbium,</strong></span> <span class='ocrx_word' id='word_1_163' title='bbox 724 2539 784 2603; x_wconf 86' lang='lat' dir='ltr'><strong>sed</strong></span> <span class='ocrx_word' id='word_1_164' title='bbox 805 2557 846 2602; x_wconf 89' lang='lat' dir='ltr'><strong>ne</strong></span> <span class='ocrx_word' id='word_1_165' title='bbox 859 2538 938 2622; x_wconf 89' lang='lat' dir='ltr'><strong>ipsa</strong></span> <span class='ocrx_word' id='word_1_166' title='bbox 952 2536 1088 2621; x_wconf 88' lang='lat' dir='ltr'><strong>quidem</strong></span> <span class='ocrx_word' id='word_1_167' title='bbox 1104 2536 1239 2601; x_wconf 86' lang='lat' dir='ltr'><strong>victori-</strong></span> 
     </span>
    </p>
   </div>
   <div class='ocr_carea' id='block_1_3' title="bbox 597 2702 775 2723">
    <p class='ocr_par' dir='ltr' id='par_1_4' title="bbox 597 2702 775 2723">
     <span class='ocr_line' id='line_1_23' title="bbox 597 2702 775 2723; baseline -0.006 0"><span class='ocrx_word' id='word_1_168' title='bbox 597 2702 775 2723; x_wconf 59' lang='lat' dir='ltr'><strong>noceamve</strong></span> 
     </span>
    </p>
   </div>
   <div class='ocr_carea' id='block_1_4' title="bbox 126 2806 1239 3458">
    <p class='ocr_par' dir='ltr' id='par_1_5' title="bbox 126 2806 1239 3394">
     <span class='ocr_line' id='line_1_24' title="bbox 134 2806 1239 2876; baseline -0.007 -13"><span class='ocrx_word' id='word_1_169' title='bbox 134 2810 204 2863; x_wconf 80' lang='lat' dir='ltr'><strong>Exe.</strong></span> <span class='ocrx_word' id='word_1_170' title='bbox 215 2808 292 2861; x_wconf 79' lang='lat' dir='ltr'><strong>Voss.</strong></span> <span class='ocrx_word' id='word_1_171' title='bbox 303 2809 400 2861; x_wconf 83' lang='lat' dir='ltr'><strong>babent</strong></span> <span class='ocrx_word' id='word_1_172' title='bbox 410 2809 566 2861; x_wconf 69' lang='lat' dir='ltr'><strong>artandi-8</strong></span> <span class='ocrx_word' id='word_1_173' title='bbox 577 2811 616 2861; x_wconf 80' lang='lat' dir='ltr'><strong>Ad</strong></span> <span class='ocrx_word' id='word_1_174' title='bbox 626 2828 673 2869; x_wconf 83' lang='lat' dir='ltr'><strong>eos,</strong></span> <span class='ocrx_word' id='word_1_175' title='bbox 684 2813 817 2876; x_wconf 61' lang='lat' dir='ltr'><strong>[mentor</strong></span> <span class='ocrx_word' id='word_1_176' title='bbox 825 2810 938 2873; x_wconf 73' lang='lat' dir='ltr'><strong>Gtuelph.</strong></span> <span class='ocrx_word' id='word_1_177' title='bbox 956 2809 1023 2858; x_wconf 75' lang='lat' dir='ltr'><strong>Adeo</strong></span> <span class='ocrx_word' id='word_1_178' title='bbox 1033 2806 1239 2869; x_wconf 68' lang='lat' dir='ltr'><strong>aecelmperaer</strong></span> 
     </span>
     <span class='ocr_line' id='line_1_25' title="bbox 133 2873 1239 2942; baseline -0.005 -16"><span class='ocrx_word' id='word_1_179' title='bbox 133 2877 197 2927; x_wconf 83' lang='lat' dir='ltr'><strong>edd.</strong></span> <span class='ocrx_word' id='word_1_180' title='bbox 208 2878 289 2942; x_wconf 85' lang='lat' dir='ltr'><strong>antiq.</strong></span> <span class='ocrx_word' id='word_1_181' title='bbox 306 2876 375 2926; x_wconf 78' lang='lat' dir='ltr'><strong>aad.</strong></span> <span class='ocrx_word' id='word_1_182' title='bbox 386 2876 547 2926; x_wconf 70' lang='lat' dir='ltr'><strong>antedicta.</strong></span> <span class='ocrx_word' id='word_1_183' title='bbox 557 2878 649 2941; x_wconf 78' lang='lat' dir='ltr'><strong>aliquid</strong></span> <span class='ocrx_word' id='word_1_184' title='bbox 659 2878 911 2939; x_wconf 65' lang='lat' dir='ltr'><strong>agenaagendemm</strong></span> <span class='ocrx_word' id='word_1_185' title='bbox 928 2873 1041 2936; x_wconf 79' lang='lat' dir='ltr'><strong>Guelpb.</strong></span> <span class='ocrx_word' id='word_1_186' title='bbox 1053 2881 1080 2922; x_wconf 84' lang='lat' dir='ltr'><strong>et</strong></span> <span class='ocrx_word' id='word_1_187' title='bbox 1092 2874 1155 2921; x_wconf 76' lang='lat' dir='ltr'><strong>Eue.</strong></span> <span class='ocrx_word' id='word_1_188' title='bbox 1164 2873 1239 2921; x_wconf 85' lang='lat' dir='ltr'><strong>Voss.</strong></span> 
     </span>
     <span class='ocr_line' id='line_1_26' title="bbox 132 2937 1239 3006; baseline -0.006 -14"><span class='ocrx_word' id='word_1_189' title='bbox 132 2942 203 2992; x_wconf 78' lang='lat' dir='ltr'><strong>aliud</strong></span> <span class='ocrx_word' id='word_1_190' title='bbox 220 2947 306 3004; x_wconf 69' lang='lat' dir='ltr'><strong>mul,</strong></span> <span class='ocrx_word' id='word_1_191' title='bbox 325 2943 495 3006; x_wconf 77' lang='lat' dir='ltr'><strong>agendumque.</strong></span> <span class='ocrx_word' id='word_1_192' title='bbox 531 2942 613 2991; x_wconf 79' lang='lat' dir='ltr'><strong>Paulo</strong></span> <span class='ocrx_word' id='word_1_193' title='bbox 636 2950 704 3006; x_wconf 85' lang='lat' dir='ltr'><strong>post,</strong></span> <span class='ocrx_word' id='word_1_194' title='bbox 724 2942 831 3004; x_wconf 69' lang='lat' dir='ltr'><strong>(litania.</strong></span> <span class='ocrx_word' id='word_1_195' title='bbox 847 2941 989 3000; x_wconf 78' lang='lat' dir='ltr'><strong>religionum</strong></span> <span class='ocrx_word' id='word_1_196' title='bbox 1007 2953 1054 3002; x_wconf 82' lang='lat' dir='ltr'><strong>pro</strong></span> <span class='ocrx_word' id='word_1_197' title='bbox 1072 2937 1239 2998; x_wconf 75' lang='lat' dir='ltr'><strong>regionum.—</strong></span> 
     </span>
     <span class='ocr_line' id='line_1_27' title="bbox 133 3004 1237 3071; baseline -0.003 -13"><span class='ocrx_word' id='word_1_198' title='bbox 133 3013 151 3058; x_wconf 78' lang='grc'>9</span> <span class='ocrx_word' id='word_1_199' title='bbox 164 3007 281 3071; x_wconf 77' lang='lat' dir='ltr'><strong>Guelph.</strong></span> <span class='ocrx_word' id='word_1_200' title='bbox 292 3012 332 3058; x_wconf 77' lang='lat' dir='ltr'><strong>ted</strong></span> <span class='ocrx_word' id='word_1_201' title='bbox 342 3009 369 3055; x_wconf 83' lang='lat' dir='ltr'><strong>ia</strong></span> <span class='ocrx_word' id='word_1_202' title='bbox 383 3008 416 3056; x_wconf 77' lang='lat' dir='ltr'><strong>iis</strong></span> <span class='ocrx_word' id='word_1_203' title='bbox 423 3007 561 3070; x_wconf 73' lang='lat' dir='ltr'><strong>proviaciis·</strong></span> <span class='ocrx_word' id='word_1_204' title='bbox 583 3007 652 3058; x_wconf 80' lang='lat' dir='ltr'><strong>Edu.</strong></span> <span class='ocrx_word' id='word_1_205' title='bbox 665 3013 729 3057; x_wconf 76' lang='lat' dir='ltr'><strong>vett.</strong></span> <span class='ocrx_word' id='word_1_206' title='bbox 739 3007 840 3066; x_wconf 74' lang='lat' dir='ltr'><strong>fructas</strong></span> <span class='ocrx_word' id='word_1_207' title='bbox 850 3007 970 3070; x_wconf 65' lang='lat' dir='ltr'><strong>opponitis</strong></span> <span class='ocrx_word' id='word_1_208' title='bbox 980 3005 1064 3055; x_wconf 61' lang='lat' dir='ltr'><strong>tantm</strong></span> <span class='ocrx_word' id='word_1_209' title='bbox 1081 3004 1142 3053; x_wconf 72' lang='lat' dir='ltr'><strong>ve.</strong></span> <span class='ocrx_word' id='word_1_210' title='bbox 1151 3004 1237 3055; x_wconf 81' lang='lat' dir='ltr'><strong>Livia.</strong></span> 
     </span>
     <span class='ocr_line' id='line_1_28' title="bbox 126 3070 1238 3138; baseline 0 -18"><span class='ocrx_word' id='word_1_211' title='bbox 126 3072 233 3133; x_wconf 58' lang='lat' dir='ltr'><strong>fractu</strong></span> <span class='ocrx_word' id='word_1_212' title='bbox 250 3073 317 3122; x_wconf 86' lang='lat' dir='ltr'><strong>nuda</strong></span> <span class='ocrx_word' id='word_1_213' title='bbox 333 3073 377 3122; x_wconf 88' lang='lat' dir='ltr'><strong>ille</strong></span> <span class='ocrx_word' id='word_1_214' title='bbox 390 3074 459 3135; x_wconf 89' lang='lat' dir='ltr'><strong>conj.</strong></span> <span class='ocrx_word' id='word_1_215' title='bbox 467 3074 550 3133; x_wconf 80' lang='lat' dir='ltr'><strong>fracto</strong></span> <span class='ocrx_word' id='word_1_216' title='bbox 568 3073 624 3122; x_wconf 81' lang='lat' dir='ltr'><strong>ticet</strong></span> <span class='ocrx_word' id='word_1_217' title='bbox 640 3075 745 3135; x_wconf 66' lang='lat' dir='ltr'><strong>apponte</strong></span> <span class='ocrx_word' id='word_1_218' title='bbox 761 3073 885 3138; x_wconf 50' lang='lat' dir='ltr'><strong>boqteffl.</strong></span> <span class='ocrx_word' id='word_1_219' title='bbox 918 3070 1021 3121; x_wconf 84' lang='lat' dir='ltr'><strong>Acidai.</strong></span> <span class='ocrx_word' id='word_1_220' title='bbox 1033 3070 1134 3125; x_wconf 83' lang='lat' dir='ltr'><strong>suadet,</strong></span> <span class='ocrx_word' id='word_1_221' title='bbox 1146 3071 1238 3130; x_wconf 73' lang='lat' dir='ltr'><strong>fractis</strong></span> 
     </span>
     <span class='ocr_line' id='line_1_29' title="bbox 134 3135 1238 3202; baseline -0.003 -15"><span class='ocrx_word' id='word_1_222' title='bbox 134 3138 192 3187; x_wconf 79' lang='lat' dir='ltr'><strong>licet</strong></span> <span class='ocrx_word' id='word_1_223' title='bbox 202 3136 431 3202; x_wconf 64' lang='lat' dir='ltr'><strong>tumultuatim</strong></span> <span class='ocrx_word' id='word_1_224' title='bbox 445 3139 528 3195; x_wconf 72' lang='lat' dir='ltr'><strong>sumta,</strong></span> <span class='ocrx_word' id='word_1_225' title='bbox 540 3141 582 3201; x_wconf 72' lang='lat' dir='ltr'><strong>isc.</strong></span> <span class='ocrx_word' id='word_1_226' title='bbox 599 3139 728 3189; x_wconf 76' lang='lat' dir='ltr'><strong>Schuetz.</strong></span> <span class='ocrx_word' id='word_1_227' title='bbox 748 3138 831 3199; x_wconf 81' lang='lat' dir='ltr'><strong>fracto</strong></span> <span class='ocrx_word' id='word_1_228' title='bbox 841 3139 896 3187; x_wconf 81' lang='lat' dir='ltr'><strong>ticet</strong></span> <span class='ocrx_word' id='word_1_229' title='bbox 912 3136 1031 3200; x_wconf 75' lang='lat' dir='ltr'><strong>oppositas</strong></span> <span class='ocrx_word' id='word_1_230' title='bbox 1040 3135 1112 3196; x_wconf 72' lang='lat' dir='ltr'><strong>decli,</strong></span> <span class='ocrx_word' id='word_1_231' title='bbox 1123 3151 1148 3184; x_wconf 85' lang='lat' dir='ltr'><strong>a.</strong></span> <span class='ocrx_word' id='word_1_232' title='bbox 1158 3141 1178 3184; x_wconf 85' lang='lat' dir='ltr'><strong>t.</strong></span> <span class='ocrx_word' id='word_1_233' title='bbox 1187 3151 1208 3183; x_wconf 77' lang='lat' dir='ltr'><strong>s.</strong></span> <span class='ocrx_word' id='word_1_234' title='bbox 1219 3136 1238 3184; x_wconf 76' lang='lat' dir='ltr'><strong>i·</strong></span> 
     </span>
     <span class='ocr_line' id='line_1_30' title="bbox 133 3200 1238 3267; baseline -0.003 -15"><span class='ocrx_word' id='word_1_235' title='bbox 133 3204 203 3252; x_wconf 68' lang='lat' dir='ltr'><strong>mileu</strong></span> <span class='ocrx_word' id='word_1_236' title='bbox 214 3209 308 3254; x_wconf 79' lang='lat' dir='ltr'><strong>exercet</strong></span> <span class='ocrx_word' id='word_1_237' title='bbox 315 3219 325 3262; x_wconf 93' lang='lat'><strong>,·</strong></span> <span class='ocrx_word' id='word_1_238' title='bbox 342 3211 368 3253; x_wconf 88' lang='lat' dir='ltr'><strong>et</strong></span> <span class='ocrx_word' id='word_1_239' title='bbox 380 3205 416 3253; x_wconf 80' lang='lat' dir='ltr'><strong>sic</strong></span> <span class='ocrx_word' id='word_1_240' title='bbox 428 3203 510 3253; x_wconf 82' lang='lat' dir='ltr'><strong>edidit</strong></span> <span class='ocrx_word' id='word_1_241' title='bbox 520 3202 618 3263; x_wconf 73' lang='lat' dir='ltr'><strong>Jaeger.</strong></span> <span class='ocrx_word' id='word_1_242' title='bbox 634 3205 687 3253; x_wconf 87' lang='lat' dir='ltr'><strong>Pro</strong></span> <span class='ocrx_word' id='word_1_243' title='bbox 695 3205 771 3266; x_wconf 66' lang='lat' dir='ltr'><strong>lim</strong></span> <span class='ocrx_word' id='word_1_244' title='bbox 783 3204 961 3267; x_wconf 81' lang='lat' dir='ltr'><strong>quodservaut</strong></span> <span class='ocrx_word' id='word_1_245' title='bbox 972 3202 1074 3250; x_wconf 82' lang='lat' dir='ltr'><strong>Berlin.</strong></span> <span class='ocrx_word' id='word_1_246' title='bbox 1082 3200 1144 3250; x_wconf 82' lang='lat' dir='ltr'><strong>Vel.</strong></span> <span class='ocrx_word' id='word_1_247' title='bbox 1154 3201 1238 3250; x_wconf 82' lang='lat' dir='ltr'><strong>Livia.</strong></span> 
     </span>
     <span class='ocr_line' id='line_1_31' title="bbox 133 3264 1238 3384; baseline -0.002 -66"><span class='ocrx_word' id='word_1_248' title='bbox 133 3266 250 3383; x_wconf 75' lang='lat' dir='ltr'><strong>Gnelpsb.</strong></span> <span class='ocrx_word' id='word_1_249' title='bbox 262 3269 326 3382; x_wconf 70' lang='lat' dir='ltr'><strong>Ehxc.</strong></span> <span class='ocrx_word' id='word_1_250' title='bbox 341 3270 417 3384; x_wconf 61' lang='lat' dir='ltr'><strong>VIqss.</strong></span> <span class='ocrx_word' id='word_1_251' title='bbox 436 3269 504 3333; x_wconf 71' lang='lat' dir='ltr'><strong>quites</strong></span> <span class='ocrx_word' id='word_1_252' title='bbox 512 3267 636 3320; x_wconf 80' lang='lat' dir='ltr'><strong>exhibent</strong></span> <span class='ocrx_word' id='word_1_253' title='bbox 646 3271 726 3320; x_wconf 83' lang='lat' dir='ltr'><strong>etiam</strong></span> <span class='ocrx_word' id='word_1_254' title='bbox 737 3270 842 3320; x_wconf 83' lang='lat' dir='ltr'><strong>Puteal.</strong></span> <span class='ocrx_word' id='word_1_255' title='bbox 852 3271 925 3318; x_wconf 73' lang='grc'><strong>1476.</strong></span> <span class='ocrx_word' id='word_1_256' title='bbox 938 3267 1045 3332; x_wconf 82' lang='lat' dir='ltr'><strong>Cuspis.</strong></span> <span class='ocrx_word' id='word_1_257' title='bbox 1056 3264 1171 3316; x_wconf 84' lang='lat' dir='ltr'><strong>Rhenan.</strong></span> <span class='ocrx_word' id='word_1_258' title='bbox 1183 3264 1238 3316; x_wconf 88' lang='lat' dir='ltr'><strong>Na·</strong></span> 
     </span>
     <span class='ocr_line' id='line_1_32' title="bbox 134 3333 438 3394; baseline -0.003 -12"><span class='ocrx_word' id='word_1_259' title='bbox 134 3333 202 3394; x_wconf 80' lang='lat' dir='ltr'><strong>vina,</strong></span> <span class='ocrx_word' id='word_1_260' title='bbox 234 3341 259 3382; x_wconf 86' lang='lat' dir='ltr'><strong>te</strong></span> <span class='ocrx_word' id='word_1_261' title='bbox 298 3341 343 3385; x_wconf 82' lang='lat' dir='ltr'><strong>,et</strong></span> <span class='ocrx_word' id='word_1_262' title='bbox 378 3335 438 3383; x_wconf 88' lang='lat' dir='ltr'><strong>iviu.</strong></span> 
     </span>
    </p>

    <p class='ocr_par' dir='ltr' id='par_1_6' title="bbox 167 3348 1238 3458">
     <span class='ocr_line' id='line_1_33' title="bbox 167 3348 1238 3458; baseline -0.007 -9"><span class='ocrx_word' id='word_1_263' title='bbox 167 3399 237 3449; x_wconf 78' lang='lat' dir='ltr'><strong>cm.</strong></span> <span class='ocrx_word' id='word_1_264' title='bbox 248 3348 289 3449; x_wconf 55' lang='lat' dir='ltr'><strong>se.</strong></span> <span class='ocrx_word' id='word_1_265' title='bbox 323 3404 336 3448; x_wconf 87' lang='lat'>1</span> <span class='ocrx_word' id='word_1_266' title='bbox 357 3399 439 3450; x_wconf 84' lang='lat' dir='ltr'><strong>Codd.</strong></span> <span class='ocrx_word' id='word_1_267' title='bbox 450 3398 599 3458; x_wconf 76' lang='lat' dir='ltr'><strong>Schwanil,</strong></span> <span class='ocrx_word' id='word_1_268' title='bbox 610 3397 680 3448; x_wconf 83' lang='lat' dir='ltr'><strong>Gnd.</strong></span> <span class='ocrx_word' id='word_1_269' title='bbox 693 3402 717 3449; x_wconf 92' lang='lat'><strong>1.</strong></span> <span class='ocrx_word' id='word_1_270' title='bbox 728 3405 755 3448; x_wconf 88' lang='lat' dir='ltr'><strong>et</strong></span> <span class='ocrx_word' id='word_1_271' title='bbox 766 3399 831 3448; x_wconf 83' lang='lat' dir='ltr'><strong>Exc.</strong></span> <span class='ocrx_word' id='word_1_272' title='bbox 846 3398 922 3447; x_wconf 83' lang='lat' dir='ltr'><strong>Voss.</strong></span> <span class='ocrx_word' id='word_1_273' title='bbox 933 3396 977 3446; x_wconf 80' lang='lat' dir='ltr'><strong>illa</strong></span> <span class='ocrx_word' id='word_1_274' title='bbox 987 3397 1104 3447; x_wconf 66' lang='lat' dir='ltr'><strong>emma</strong></span> <span class='ocrx_word' id='word_1_275' title='bbox 1134 3392 1238 3444; x_wconf 77' lang='lat' dir='ltr'><strong>Acidal.</strong></span> 
     </span>
    </p>
   </div>
   <div class='ocr_carea' id='block_1_5' title="bbox 132 3461 1239 3740">
    <p class='ocr_par' dir='ltr' id='par_1_7' title="bbox 132 3461 1239 3740">
     <span class='ocr_line' id='line_1_34' title="bbox 134 3461 1237 3595; baseline -0.005 -17"><span class='ocrx_word' id='word_1_276' title='bbox 134 3461 1237 3595; x_wconf 50' lang='lat' dir='ltr'><strong>titillantisiulet„litantibuslimittit</strong></span> 
     </span>
     <span class='ocr_line' id='line_1_35' title="bbox 132 3591 1239 3670; baseline -0.002 -28"><span class='ocrx_word' id='word_1_277' title='bbox 132 3594 255 3670; x_wconf 32' lang='lat' dir='ltr'><strong>illeuconj.</strong></span> <span class='ocrx_word' id='word_1_278' title='bbox 263 3610 391 3659; x_wconf 68' lang='lat' dir='ltr'><strong>ponemus.</strong></span> <span class='ocrx_word' id='word_1_279' title='bbox 408 3597 469 3646; x_wconf 86' lang='lat' dir='ltr'><strong>Vet.</strong></span> <span class='ocrx_word' id='word_1_280' title='bbox 480 3596 541 3646; x_wconf 87' lang='lat' dir='ltr'><strong>Put.</strong></span> <span class='ocrx_word' id='word_1_281' title='bbox 552 3597 736 3646; x_wconf 77' lang='lat' dir='ltr'><strong>etExc.Voas·</strong></span> <span class='ocrx_word' id='word_1_282' title='bbox 747 3609 914 3645; x_wconf 78' lang='lat' dir='ltr'><strong>cursurerum.</strong></span> <span class='ocrx_word' id='word_1_283' title='bbox 930 3594 1044 3656; x_wconf 81' lang='lat' dir='ltr'><strong>Gnelpb·</strong></span> <span class='ocrx_word' id='word_1_284' title='bbox 1052 3594 1151 3669; x_wconf 80' lang='lat' dir='ltr'><strong>etExe.</strong></span> <span class='ocrx_word' id='word_1_285' title='bbox 1159 3591 1239 3640; x_wconf 82' lang='lat' dir='ltr'><strong>Voss.</strong></span> 
     </span>
     <span class='ocr_line' id='line_1_36' title="bbox 134 3656 1236 3740; baseline -0.005 -31"><span class='ocrx_word' id='word_1_286' title='bbox 134 3659 201 3710; x_wconf 81' lang='lat' dir='ltr'><strong>nebu</strong></span> <span class='ocrx_word' id='word_1_287' title='bbox 218 3675 235 3709; x_wconf 80' lang='lat' dir='ltr'><strong>a</strong></span> <span class='ocrx_word' id='word_1_288' title='bbox 250 3663 370 3725; x_wconf 77' lang='lat' dir='ltr'><strong>continuo,</strong></span> <span class='ocrx_word' id='word_1_289' title='bbox 384 3664 426 3727; x_wconf 57' lang='grc' dir='ltr'><strong>ξε.</strong></span> <span class='ocrx_word' id='word_1_290' title='bbox 459 3660 509 3712; x_wconf 87' lang='lat' dir='ltr'><strong>Ed.</strong></span> <span class='ocrx_word' id='word_1_291' title='bbox 528 3662 638 3726; x_wconf 66' lang='lat' dir='ltr'><strong>Jaeqeri,</strong></span> <span class='ocrx_word' id='word_1_292' title='bbox 656 3676 698 3740; x_wconf 81' lang='lat' dir='ltr'><strong>ecs</strong></span> <span class='ocrx_word' id='word_1_293' title='bbox 713 3662 834 3720; x_wconf 75' lang='lat' dir='ltr'><strong>continuo,</strong></span> <span class='ocrx_word' id='word_1_294' title='bbox 850 3662 891 3725; x_wconf 57' lang='grc' dir='ltr'><strong>ξε.</strong></span> <span class='ocrx_word' id='word_1_295' title='bbox 924 3659 1058 3711; x_wconf 81' lang='lat' dir='ltr'><strong>Editioues</strong></span> <span class='ocrx_word' id='word_1_296' title='bbox 1076 3667 1137 3710; x_wconf 87' lang='lat' dir='ltr'><strong>ante</strong></span> <span class='ocrx_word' id='word_1_297' title='bbox 1158 3656 1236 3708; x_wconf 82' lang='lat' dir='ltr'><strong>Grnt.</strong></span> 
     </span>
    </p>
   </div>
   <div class='ocr_carea' id='block_1_6' title="bbox 632 3806 741 3859">
    <p class='ocr_par' dir='ltr' id='par_1_8' title="bbox 632 3806 741 3859">
     <span class='ocr_line' id='line_1_37' title="bbox 632 3806 741 3859; baseline -0.009 0"><span class='ocrx_word' id='word_1_298' title='bbox 632 3806 741 3859; x_wconf 73' lang='lat' dir='ltr'>NOTAE</span> 
     </span>
    </p>
   </div>
   <div class='ocr_carea' id='block_1_7' title="bbox 134 3902 1236 4287">
    <p class='ocr_par' dir='ltr' id='par_1_9' title="bbox 134 3902 1096 3973">
     <span class='ocr_line' id='line_1_38' title="bbox 134 3902 1096 3973; baseline -0.011 -13"><span class='ocrx_word' id='word_1_299' title='bbox 134 3905 264 3960; x_wconf 75' lang='lat' dir='ltr'><strong>natalium</strong></span> <span class='ocrx_word' id='word_1_300' title='bbox 278 3906 461 3958; x_wconf 76' lang='lat' dir='ltr'><strong>celebrandam</strong></span> <span class='ocrx_word' id='word_1_301' title='bbox 478 3908 668 3973; x_wconf 61' lang='lat' dir='ltr'><strong>instigatque·</strong></span> <span class='ocrx_word' id='word_1_302' title='bbox 703 3907 781 3961; x_wconf 72' lang='lat' dir='ltr'><strong>miani</strong></span> <span class='ocrx_word' id='word_1_303' title='bbox 793 3906 887 3972; x_wconf 82' lang='lat' dir='ltr'><strong>patria,</strong></span> <span class='ocrx_word' id='word_1_304' title='bbox 899 3917 977 3968; x_wconf 79' lang='lat' dir='ltr'><strong>supra</strong></span> <span class='ocrx_word' id='word_1_305' title='bbox 989 3902 1096 3953; x_wconf 85' lang='lat' dir='ltr'><strong>dietum.</strong></span> 
     </span>
    </p>

    <p class='ocr_par' dir='ltr' id='par_1_10' title="bbox 135 3971 1235 4051">
     <span class='ocr_line' id='line_1_39' title="bbox 135 3971 1235 4051; baseline -0.013 -15"><span class='ocrx_word' id='word_1_306' title='bbox 135 3985 214 4036; x_wconf 81' lang='lat' dir='ltr'><strong>adid</strong></span> <span class='ocrx_word' id='word_1_307' title='bbox 233 4001 267 4035; x_wconf 83' lang='lat' dir='ltr'><strong>ex</strong></span> <span class='ocrx_word' id='word_1_308' title='bbox 284 3985 402 4037; x_wconf 85' lang='lat' dir='ltr'><strong>omnibns</strong></span> <span class='ocrx_word' id='word_1_309' title='bbox 420 3986 532 4038; x_wconf 72' lang='lat' dir='ltr'><strong>Gracia</strong></span> <span class='ocrx_word' id='word_1_310' title='bbox 550 3985 668 4051; x_wconf 78' lang='lat' dir='ltr'><strong>partibus</strong></span> <span class='ocrx_word' id='word_1_311' title='bbox 735 3985 748 4021; x_wconf 70' lang='lat' dir='ltr'><strong>b</strong></span> <span class='ocrx_word' id='word_1_312' title='bbox 765 3987 823 4035; x_wconf 82' lang='lat' dir='ltr'><strong>Nea</strong></span> <span class='ocrx_word' id='word_1_313' title='bbox 839 3985 905 4034; x_wconf 84' lang='lat' dir='ltr'><strong>modo</strong></span> <span class='ocrx_word' id='word_1_314' title='bbox 922 3972 1167 4038; x_wconf 72' lang='lat' dir='ltr'><strong>ammumlmmm]</strong></span> <span class='ocrx_word' id='word_1_315' title='bbox 1184 3971 1235 4024; x_wconf 86' lang='lat' dir='ltr'><strong>Re·</strong></span> 
     </span>
    </p>

    <p class='ocr_par' dir='ltr' id='par_1_11' title="bbox 134 4044 1236 4206">
     <span class='ocr_line' id='line_1_40' title="bbox 134 4044 1236 4127; baseline -0.016 -6"><span class='ocrx_word' id='word_1_316' title='bbox 134 4064 303 4114; x_wconf 63' lang='lat' dir='ltr'><strong>mettim·</strong></span> <span class='ocrx_word' id='word_1_317' title='bbox 699 4055 791 4127; x_wconf 71' lang='lat' dir='ltr'><strong>‘spexit</strong></span> <span class='ocrx_word' id='word_1_318' title='bbox 798 4063 830 4112; x_wconf 86' lang='lat' dir='ltr'><strong>ad</strong></span> <span class='ocrx_word' id='word_1_319' title='bbox 837 4061 900 4112; x_wconf 89' lang='lat' dir='ltr'><strong>illud</strong></span> <span class='ocrx_word' id='word_1_320' title='bbox 907 4059 982 4110; x_wconf 82' lang='lat' dir='ltr'><strong>Tullii</strong></span> <span class='ocrx_word' id='word_1_321' title='bbox 992 4071 1038 4120; x_wconf 77' lang='lat' dir='ltr'><strong>pru</strong></span> <span class='ocrx_word' id='word_1_322' title='bbox 1047 4055 1117 4117; x_wconf 76' lang='lat' dir='ltr'><strong>aege</strong></span> <span class='ocrx_word' id='word_1_323' title='bbox 1126 4044 1236 4103; x_wconf 77' lang='lat' dir='ltr'><strong>Manilia</strong></span> 
     </span>
     <span class='ocr_line' id='line_1_41' title="bbox 167 4130 1235 4206; baseline -0.011 -15"><span class='ocrx_word' id='word_1_324' title='bbox 167 4142 256 4191; x_wconf 73' lang='lat' dir='ltr'><strong>‘Noa</strong></span> <span class='ocrx_word' id='word_1_325' title='bbox 272 4141 336 4192; x_wconf 75' lang='lat' dir='ltr'><strong>asim</strong></span> <span class='ocrx_word' id='word_1_326' title='bbox 354 4143 381 4193; x_wconf 81' lang='lat' dir='ltr'><strong>ia</strong></span> <span class='ocrx_word' id='word_1_327' title='bbox 397 4141 485 4206; x_wconf 61' lang='lat' dir='ltr'><strong>diosa]</strong></span> <span class='ocrx_word' id='word_1_328' title='bbox 503 4143 545 4192; x_wconf 86' lang='lat' dir='ltr'><strong>De</strong></span> <span class='ocrx_word' id='word_1_329' title='bbox 562 4143 669 4193; x_wconf 78' lang='lat' dir='ltr'><strong>Delma·</strong></span> <span class='ocrx_word' id='word_1_330' title='bbox 704 4143 814 4204; x_wconf 77' lang='lat' dir='ltr'><strong>eap.dtl.</strong></span> <span class='ocrx_word' id='word_1_331' title='bbox 832 4138 911 4187; x_wconf 84' lang='lat' dir='ltr'><strong>‘Nou</strong></span> <span class='ocrx_word' id='word_1_332' title='bbox 930 4133 1039 4185; x_wconf 78' lang='lat' dir='ltr'><strong>auaritia</strong></span> <span class='ocrx_word' id='word_1_333' title='bbox 1059 4131 1098 4195; x_wconf 60' lang='lat' dir='ltr'><strong>ab,</strong></span> <span class='ocrx_word' id='word_1_334' title='bbox 1114 4130 1235 4181; x_wconf 79' lang='lat' dir='ltr'><strong>instituto</strong></span> 
     </span>
    </p>

    <p class='ocr_par' dir='ltr' id='par_1_12' title="bbox 134 4209 1236 4287">
     <span class='ocr_line' id='line_1_42' title="bbox 134 4209 1236 4287; baseline -0.01 -17"><span class='ocrx_word' id='word_1_335' title='bbox 134 4219 182 4280; x_wconf 82' lang='lat' dir='ltr'><strong>tia,</strong></span> <span class='ocrx_word' id='word_1_336' title='bbox 199 4220 370 4285; x_wconf 82' lang='lat' dir='ltr'><strong>Diocletiani,</strong></span> <span class='ocrx_word' id='word_1_337' title='bbox 388 4227 415 4271; x_wconf 86' lang='lat' dir='ltr'><strong>et</strong></span> <span class='ocrx_word' id='word_1_338' title='bbox 427 4219 571 4279; x_wconf 78' lang='lat' dir='ltr'><strong>Pannonia,</strong></span> <span class='ocrx_word' id='word_1_339' title='bbox 583 4219 669 4287; x_wconf 76' lang='lat' dir='ltr'><strong>blaxi-</strong></span> <span class='ocrx_word' id='word_1_340' title='bbox 704 4231 782 4271; x_wconf 78' lang='lat' dir='ltr'><strong>cotan</strong></span> <span class='ocrx_word' id='word_1_341' title='bbox 794 4215 826 4267; x_wconf 85' lang='lat' dir='ltr'><strong>ad</strong></span> <span class='ocrx_word' id='word_1_342' title='bbox 837 4213 952 4280; x_wconf 73' lang='lat' dir='ltr'><strong>predam</strong></span> <span class='ocrx_word' id='word_1_343' title='bbox 964 4210 1074 4276; x_wconf 81' lang='lat' dir='ltr'><strong>aliquam</strong></span> <span class='ocrx_word' id='word_1_344' title='bbox 1087 4209 1236 4272; x_wconf 68' lang='lat' dir='ltr'><strong>revocavit,</strong></span> 
     </span>
    </p>
   </div>
   <div class='ocr_carea' id='block_1_8' title="bbox 0 0 1370 4726">
    <p class='ocr_par' dir='ltr' id='par_1_13' title="bbox 0 0 1370 4726">
     <span class='ocr_line' id='line_1_43' title="bbox 0 0 1370 4726; baseline 0 1"><span class='ocrx_word' id='word_1_345' title='bbox 0 0 1370 4726; x_wconf 95' lang='lat' dir='ltr'><strong> </strong></span> 
     </span>
    </p>
   </div>
  </div>
 </body>
</html>
