2730 4726
196 304 282 373 1604
597 315 732 368 narrnr
757 314 893 365 escant

196 465 395 534 victoriam:
425 464 568 529 dilectas
598 463 634 528 in
656 463 807 548 praelium
829 459 1051 527 Marcellinus
1071 463 1241 541 cohortes,
1264 469 1295 528 et

195 573 307 656 ipsum
334 569 491 633 factionis
509 567 646 633 nefariae
670 569 783 644 robur,
803 566 862 630 illa
883 565 965 630 belli
986 565 1098 631 civilis
1124 566 1295 649 Megaera‘

195 673 363 757 rapiebat,
370 680 463 736 tanto
476 670 593 735 ceteris
605 671 807 736 satellitibus
819 668 1008 747 andentior,
1017 675 1141 753 quanto
1151 672 1294 734 exertio-

195 771 287 841 remf
306 794 445 857 operam
459 774 610 839 navabat
625 782 766 856 tyranno
781 773 882 837 frater
895 774 1035 858 tyranni.
1072 772 1106 837 2.
1123 771 1206 852 Quo
1221 773 1294 857 qni-

196 880 272 946 dam
289 878 435 943 maxime
450 883 528 941 inus
543 877 713 960 gaudebat
731 876 909 954 exercitus,
924 896 999 941 oum
1016 897 1053 940 se
1065 876 1154 942 ultro
1170 877 1294 941 videret

195 983 337 1047 lacessi:
360 980 420 1065 qni
435 979 517 1043 nihil
531 981 639 1061 magis
655 981 823 1058 timuerat,
834 999 933 1062 qnam
949 980 1097 1061 timeri;⁸
1115 979 1204 1044 adeo
1220 980 1293 1062 qni·

195 1083 282 1163 dem,
298 1093 336 1148 nt
350 1084 471 1147 castris
486 1082 529 1145 ad
545 1091 653 1146 castra
667 1082 813 1160 collatis,
830 1082 919 1165 quod
935 1082 1124 1166 praecipitii
1154 1082 1209 1147 die
1224 1101 1294 1147 ma·

194 1206 273 1251 num
291 1205 460 1250 conserere
475 1204 543 1248 non
556 1191 697 1269 poterat,
720 1206 781 1269 spe
793 1187 944 1251 victoriae
961 1206 1035 1250 cnm
1050 1185 1126 1249 lnce
1143 1194 1294 1251 ventnrae

194 1288 334 1372 pervigil
355 1287 495 1369 ageret*
523 1287 654 1352 tardum
674 1288 793 1364 solem,
809 1288 1009 1354 desertorem
1027 1287 1127 1363 diem,
1145 1308 1292 1353 annuum

193 1392 305 1455 noctis
320 1390 447 1456 aestivae
463 1397 597 1476 ternpus
617 1390 864 1456 criminaretur.⁸¹
906 1390 939 1456 3.
962 1391 1053 1455 Ecce
1069 1392 1130 1455 lux
1146 1393 1292 1468 taudem,

195 1494 314 1576 etjam
328 1493 437 1556 omnis
452 1513 590 1573 campus
608 1494 767 1560 horrebat
780 1497 952 1560 exercitu:
976 1493 1077 1559 divisi
1097 1495 1131 1558 in
1146 1492 1292 1559 cornuab

194 1596 336 1678 equites,
357 1596 450 1659 leves
470 1601 546 1659 ante
570 1596 666 1679 signa
681 1594 822 1674 velites,i
846 1597 1024 1680 dispositae
1039 1595 1291 1680 manipulatimi'

194 1696 360 1775 cohortes,
386 1704 420 1762 et
443 1698 547 1781 gradu
566 1699 665 1783 pleno
683 1700 828 1766 forentes
847 1703 978 1785 agmina
999 1700 1176 1784 quadratae
1189 1700 1291 1782 legio·

193 1835 203 1842 ⁵
223 1857 238 1891 ἔ
255 1849 401 1900 inclinante.
482 1846 496 1880 ¹
513 1848 615 1897 Noctem
625 1854 718 1910 ngereh

195 1949 199 1955 -
224 1913 233 1946 ⁴
249 1916 368 1965 AErtinarrr
376 1918 466 1964 noctem
479 1919 610 1976 mrumst,
620 1917 688 1978 quari
700 1928 761 1963 naar
772 1913 909 1977 longiorem

649 2044 680 2063 Oe
681 2044 830 2064 wwwww

226 2127 294 2176 Cre.
306 2140 393 2177 xxxv.
428 2130 441 2175 1
461 2125 574 2188 Gnelph.
592 2126 682 2175 deletor
701 2125 727 2172 ia
744 2125 860 2187 prauum.
893 2126 968 2184 Mox,
985 2125 1044 2175 edd.
1064 2131 1129 2174 vett.
1148 2125 1290 2177 satellitibus

193 2192 343 2248 aedicaticrr
359 2200 387 2240 et
396 2192 433 2240 sic
442 2192 507 2240 Eric.
518 2191 662 2240 Schouhor.
678 2198 726 2238 ant.
736 2191 860 2240 audatior
868 2192 930 2242 Vet.
941 2192 1053 2240 Putean.
1077 2197 1166 2254 quanto
1176 2193 1289 2241 wreder-

192 2259 277 2305 tiorem
288 2257 348 2305 edd.
361 2265 424 2307 vett.
449 2271 472 2318 q.
483 2256 651 2305 acroaticrem
663 2255 740 2303 codd.
751 2255 923 2307 Schwaraian.
934 2263 962 2305 et
973 2255 1087 2318 Guelph.
1111 2264 1200 2318 quanto
1211 2272 1289 2306 exso·

191 2322 276 2370 ΐὶονεηι
287 2323 371 2371 Lirin.
380 2331 408 2372 et
420 2322 546 2371 (irat-2
558 2321 626 2369 Edd.
637 2327 702 2369 vett.
719 2320 769 2368 lnce
778 2327 878 2371 cernuo
885 2339 895 2381 ,-
911 2323 973 2370 Vet.
986 2322 1098 2370 Putean.
1113 2323 1288 2371 barcaniare.

192 2386 246 2435 Pro
257 2389 370 2449 peruigil,
382 2387 484 2436 Puteol.
493 2385 627 2446 legendnm
640 2385 1042 2448 putabatpercigitium.—3Voc.
1053 2388 1141 2448 etjam
1157 2389 1253 2436 desunt
1265 2389 1288 2434 iu

191 2450 251 2500 edd.
264 2459 328 2502 vett.
346 2454 418 2501 etiam
428 2451 534 2500 exhibet
543 2451 601 2500 cod.
611 2448 705 2500 Scheff.
720 2451 796 2499 omnir
807 2452 882 2502 deest
893 2453 918 2502 iu
929 2452 1020 2502 eodem
1035 2453 1092 2502 cod·
1115 2455 1189 2502 etium
1199 2458 1289 2516 tempus

687 2580 793 2631 NOTAE

223 2681 401 2730 eBellicinilir
412 2681 534 2745 Megara]
551 2681 717 2730 Marcellinus
792 2679 799 2713 ¹
819 2682 919 2746 Veliter]
937 2683 1036 2732 Milites
1054 2682 1118 2733 levis
1140 2691 1287 2747 armatura,

191 2758 294 2822 tyranni
311 2757 420 2807 Maximi
442 2757 533 2807 frater.
567 2757 656 2805 Altera
675 2771 717 2804 an·
759 2764 786 2805 et
799 2758 975 2821 expeditiores
992 2759 1023 2806 nd
1036 2772 1137 2807 cursum
1151 2766 1289 2822 propterea

191 2840 244 2883 tem
263 2834 371 2882 Maximi
392 2832 478 2882 clades
496 2834 528 2882 ad
547 2834 717 2882 Petaviouenr
758 2833 826 2897 quod
846 2834 1005 2898 gravioribus
1020 2838 1097 2884 armis
1115 2850 1166 2884 non
1185 2846 1288 2886 uteren-

191 2909 311 2973 eontigit‚
324 2925 382 2959 curn
394 2924 476 2958 casus
486 2917 527 2958 est
539 2910 716 2971 Marcellinus,
759 2919 809 2959 tnr.
844 2911 894 2960 Alii
909 2912 999 2960 velites
1016 2913 1098 2960 dictos
1111 2921 1207 2974 putant
1218 2916 1288 2978 quasi

191 2993 221 3035 ut
242 2986 349 3035 inuuere
372 2984 646 3036 videtrrr·Ambrosirrs
666 2988 717 3049 Ep.
758 2990 867 3045 velatos,
887 2991 954 3054 quod
979 2991 1065 3038 restiti
1090 2998 1176 3038 essent
1203 2996 1288 3054 potius

161 3065 164 3071 '
191 3073 274 3110 ιω.
757 3078 832 3126 quam
844 3065 953 3114 armati:
971 3066 1287 3118 aliivelitesaceieritate

223 3135 234 3168 f
258 3135 423 3199 Exertiorem]
452 3136 549 3186 Statius
577 3144 715 3185 ‘exertum
756 3140 840 3189 dictos
858 3150 959 3206 pritant,
980 3144 1052 3206 qnasi
1074 3143 1176 3203 volites,
1197 3160 1211 3191 o
1230 3145 1289 3195 ine

190 3212 304 3262 bellum’
322 3214 579 3277 dieitpro‘aperto.’
612 3215 716 3263 Hicsu-
758 3225 867 3266 motato.
902 3217 954 3266 Alii
967 3233 1056 3267 rursus
1067 3218 1113 3267 ded
1124 3218 1290 3284 vaesaniam,

189 3289 269 3336 ruitur
292 3304 338 3352 pro
361 3289 496 3351 ‘acriore‚’
518 3292 717 3339 vehementiore.
757 3293 913 3354 ejaculanda,
930 3296 997 3358 quod
1012 3296 1105 3358 jaculis
1124 3298 1287 3359 potissimum

190 3364 283 3412 Exerit
303 3366 369 3414 enim
392 3380 430 3427 se,
448 3366 492 3431 qni
507 3382 593 3416 omnes
611 3377 717 3417 exercet
758 3376 785 3417 et
797 3367 882 3417 fundis
892 3378 1047 3432 pugnarent.
1073 3370 1137 3419 vid.
1148 3374 1205 3422 hir.
1218 3375 1288 3424 Belli

189 3454 293 3500 nervos,
311 3442 354 3504 qui
371 3441 433 3490 nihil
453 3442 576 3507 relinquit
596 3443 716 3507 insuper·
757 3447 850 3496 Punici
864 3447 908 3495 lib.
921 3462 960 3495 vr.
1043 3510 1045 3514 μ
1285 3504 1288 3515 ,

191 3523 253 3566 tum.
787 3523 796 3566 t
812 3523 994 3588 Mnaipalatim]
1005 3525 1036 3574 ld
1046 3532 1096 3581 est,
1108 3541 1157 3590 per
1168 3529 1288 3593 manipn-

190 3630 192 3635 .
221 3601 234 3636 s
255 3593 331 3648 Quum
342 3592 434 3656 timeri]
452 3594 548 3644 Similis
560 3595 631 3644 locus
646 3597 715 3660 apud
757 3600 803 3648 lor.
822 3600 1002 3662 ‘lilanipulns’
1016 3608 1111 3664 antem,
1124 3612 1234 3653 auctore
1244 3607 1286 3654 Li·

189 3670 282 3720 Cland.
295 3671 374 3720 Laud.
386 3670 504 3720 Stilicon.
517 3687 536 3720 ι.
549 3677 606 3722 235.
620 3680 648 3723 et
658 3679 715 3724 240.
757 3677 809 3739 vio,
820 3677 891 3724 leves
904 3678 1008 3726 vicenos
1020 3679 1127 3734 milites,
1142 3680 1220 3729 aliam
1234 3690 1286 3730 tnr-

188 3748 257 3795 ‘Res
269 3749 332 3796 mira
344 3748 437 3807 relatu,
447 3750 489 3798 Ne
501 3751 606 3798 timeare
617 3751 707 3801 times!
756 3752 815 3801 barn
831 3760 989 3802 scutatorum
1006 3754 1127 3803 habebat.
1161 3755 1286 3821 vegetius

221 3823 233 3857 ¹²
251 3826 333 3874 Divisi
343 3828 369 3874 ia
378 3827 477 3890 cornua]
489 3828 521 3876 In
531 3831 647 3878 exercitu
659 3846 715 3879 cor·
757 3845 817 3878 vero
832 3831 864 3878 de
885 3832 921 3879 Re
936 3833 1014 3879 Mitir.
1027 3832 1072 3879 lib.
1084 3846 1116 3880 11.
1129 3834 1221 3884 scribit
1235 3852 1285 3884 ura·

189 3915 240 3949 nna
254 3901 375 3950 dicuntur
388 3912 474 3966 partes
485 3905 548 3953 aciei
562 3905 594 3953 ab
607 3915 715 3970 utroque
755 3906 871 3969 uiprrlnru
885 3908 971 3955 vocari
983 3909 1180 3958 contubernium
1194 3912 1283 3961 decern

189 3977 272 4026 latere
294 3978 478 4039 prominentes.
506 3979 624 4029 Alterum
652 3981 715 4030 dex·
756 3990 855 4031 tantum
879 3984 989 4032 miiitum
1010 3985 1056 4032 snb
1076 4001 1125 4034 uno
1141 3988 1285 4052 eodemque

189 4058 257 4100 trum
280 4064 329 4114 est,
351 4055 460 4105 alterum
482 4057 609 4106 sinistrum
621 4077 628 4119 ;
645 4059 714 4123 quod
756 4065 827 4107 tecto
845 4060 1003 4122 degentium.
1038 4062 1104 4111 Vide
1123 4064 1239 4127 Lipsinrn
1252 4066 1283 4114 de

189 4127 258 4176 inter
269 4137 405 4194 utrumque
418 4131 583 4194 interjectum
601 4141 651 4196 est,
664 4150 713 4185 ure·
756 4137 836 4186 hliiit.
848 4136 924 4186 Rom.
937 4138 981 4188 tib.
994 4151 1024 4186 ιι.

189 4203 231 4253 diu
244 4205 312 4256 acies
323 4205 427 4258 dicitur.
1097 4210 1101 4217 “
