2730 4726
83 400 93 419 ι
199 319 286 384 1190
428 330 762 382 .c.o.sonwannr1
788 331 1073 393 unnuoouurta

195 478 282 553 sisti.
326 475 406 556 Quo
417 481 529 542 autem
544 477 601 542 dia
615 482 649 542 et
662 468 779 542 manse
793 476 921 541 natalis
932 476 986 542 bic
1001 475 1162 554 illuxerit,
1174 494 1196 539 e
1209 475 1301 541 nullo

195 579 357 663 scriptore
381 579 491 646 adhuc
512 581 685 663 cognitum
705 588 777 660 est3
806 579 872 643 nisi
894 579 1119 662 suspicemur,
1140 576 1303 644 Maxima

195 699 307 758 mann,
323 683 371 746 uti
388 682 548 764 originem
563 701 661 746 suam
674 681 789 746 retulit
802 681 844 746 ad
865 679 1061 758 Herculem,
1073 679 1126 744 iba
1137 687 1173 742 at
1187 678 1302 764 ipsum

194 785 343 862 natalem
357 786 436 849 vitan
451 785 605 850 retulisse
620 785 665 849 ad
679 783 825 848 natalem
839 783 1014 848 Herculis·
1057 781 1138 848 «lam
1153 789 1302 848 autema

196 887 320 953 celebri
335 886 537 954 calendario
552 887 786 952 bambaciano
801 889 911 970 patet,
925 884 1089 950 Herculis
1101 883 1192 949 diem
1206 891 1302 949 uatu-

194 991 263 1056 lam
272 992 432 1056 celebrari
442 991 661 1056 consuevisse
669 987 1048 1056 Kalendichbruariis.
1070 984 1222 1053 lbieuim
1230 985 1304 1050 bare

194 1092 354 1174 legimus:
371 1109 460 1158 nan.
474 1110 585 1157 unna.
596 1109 632 1158 u.
648 1108 893 1156 danavetae.
907 1108 947 1156 u.
960 1105 1100 1154 xxurr.
1111 1083 1303 1152 tadoba-

196 1191 243 1257 dt's
259 1192 451 1274 Februariis,
469 1191 599 1259 Natalis
615 1193 772 1273 Herculis,
790 1191 996 1273 Circensibus,
1006 1189 1156 1270 Misslbus
1167 1183 1305 1253 XXIV.

196 1296 364 1381 Equidem
383 1297 460 1362 haec
475 1298 552 1363 sola
568 1297 753 1381 probabilis
769 1296 964 1380 conjectura
975 1302 1089 1360 nostra
1102 1298 1166 1371 est,
1179 1292 1239 1358 cui
1253 1298 1305 1358 ta-

106 1432 110 1435 ·
194 1419 349 1464 mennon
362 1399 462 1463 facile
473 1399 678 1482 antiquioris
686 1397 862 1482 cujusdam
872 1398 1051 1483 scriptoris
1060 1396 1303 1462 auctoritasre·

193 1499 359 1584 fragatur3
371 1521 480 1585 neque
491 1501 654 1579 videmus,
665 1521 723 1567 our
734 1501 924 1579 alias,inter
934 1501 1225 1583 totproximorum
1235 1497 1303 1563 Im-

193 1609 386 1689 paratorum
395 1604 538 1682 natales,
546 1624 614 1668 non
624 1605 723 1669 etiam
735 1604 868 1672 natales
878 1602 1130 1669 Diocletianiet
1141 1598 1303 1664 Maximi·

194 1704 252 1770 ani
266 1706 301 1769 in
317 1706 385 1770 isto
400 1705 607 1770 Kalendario
623 1708 690 1771 sint
703 1708 862 1790 ascripti3
884 1707 949 1771 nisi
961 1705 1083 1772 naulis
1094 1701 1304 1771 Diocletiani

194 1804 219 1873 J
220 1808 295 1873 orii
301 1807 343 1872 ad
357 1809 502 1872 natalem
513 1808 537 1873 J
539 1809 623 1887 ovis,
636 1814 669 1873 et
678 1810 797 1874 natalis
811 1808 1012 1890 Maximiani
1025 1804 1180 1872 Herculii
1189 1800 1233 1869 ad
1244 1818 1313 1867 ua·

194 1909 300 1988 talem
318 1909 494 1986 Herculis,
509 1909 702 1974 referendos
723 1911 887 1976 videatur.
931 1909 1068 1976 Annum
1085 1913 1202 2000 statuo
1222 1913 1304 1972 tuuc

98 2056 105 2068 ·
195 2014 383 2083 cucurrisse
406 2021 485 2096 post
506 2012 677 2079 Christum
699 2019 813 2079 natum
837 2012 1105 2079 ducentesimum
1127 2007 1301 2090 mangoni-

193 2134 287 2180 mum
304 2117 467 2198 primum3
490 2136 565 2180 nam
587 2136 705 2180 omnes
718 2136 773 2180 res
788 2124 896 2198 gestae
912 2112 1121 2182 Diocletiani
1136 2117 1174 2183 et
1187 2109 1301 2190 Maxi-

196 2216 311 2292 miani,
327 2237 404 2298 qnae
425 2219 460 2280 in
481 2217 544 2282 boc
562 2217 774 2301 Panegyrico
787 2221 1098 2292 commemorantur,
1114 2213 1236 2278 saltam
1258 2232 1304 2278 eo

196 2337 305 2401 usque
328 2318 533 2401 pertingunt,
549 2338 591 2382 ac
614 2338 656 2381 ne
674 2317 808 2402 quidem
824 2320 1094 2402 complectuntur
1108 2333 1235 2381 annum
1248 2334 1303 2384 aa·

196 2427 355 2502 quantem
370 2435 512 2483 coxon.
526 2421 560 2484 in
577 2439 643 2503 quo
658 2419 816 2486 Galerius
831 2420 1074 2495 Maximianus,
1088 2425 1122 2480 ct
1136 2417 1303 2482 Constan-

196 2522 265 2587 tius
289 2521 447 2596 Chlorus,
466 2523 511 2586 ab
533 2528 674 2604 utroque
694 2520 849 2604 Augusto
871 2522 1048 2588 solenniter
1069 2519 1227 2601 adoptati
1245 2516 1303 2585 dc·

197 2623 386 2706 claratique
401 2630 476 2686 sunt
487 2622 664 2688 Caesares:
688 2643 828 2707 quorum
838 2643 904 2687 non
915 2623 1085 2706 potuisset
1093 2640 1161 2685 uon
1176 2620 1303 2687 mantio

197 2723 271 2789 fieri
291 2726 325 2789 in
345 2724 409 2790 boc
424 2725 647 2810 Panegyrico,
664 2724 693 2788 si
704 2725 776 2808 jam
791 2732 862 2789 tum
877 2724 1033 2796 Caesares
1046 2721 1203 2786 fuissent.
1245 2721 1303 2801 Li-

197 2832 253 2906 cet
265 2847 344 2893 vero
358 2848 400 2892 eo
413 2835 573 2912 tempore,
589 2849 662 2913 quo
672 2829 726 2892 bic
742 2826 973 2911 Panegyricus
983 2825 1121 2890 babitus
1131 2823 1304 2900 ascanius

95 3005 97 3009 y
198 2929 318 3022 saltem
342 2931 572 3014 Imperatoris,
595 2951 716 3015 nempe
740 2930 955 3008 Maximiani,
979 2926 1153 2994 incidisset
1176 2925 1304 3018 natalis

197 3032 333 3114 proprie
348 3032 479 3112 diotus3
502 3033 534 3096 is
547 3042 660 3100 tamen
675 3035 708 3100 in
723 3035 901 3118 utriusque
913 3031 1135 3116 Imperatoris
1144 3027 1304 3095 nonnam

198 3133 440 3210 celebrabatur,
454 3141 489 3197 et
503 3135 552 3199 ita
566 3135 674 3200 festus
690 3136 884 3212 habebatur,
900 3144 939 3199 ut
953 3133 1053 3199 simrd
1072 3138 1232 3214 tanquam
1245 3149 1303 3197 na·

198 3235 277 3301 talis
297 3235 399 3300 etiam
418 3235 555 3300 alterius
576 3235 809 3322 imperatoris,
829 3236 1044 3314 Diocletiani,
1060 3236 1234 3310 coleretur,
1247 3251 1303 3298 ce·

98 3336 103 3342 ’
198 3338 463 3421 lebraraturqne.
511 3339 604 3405 Hinc
624 3339 749 3406 dicitur
771 3361 792 3404 a
808 3339 966 3406 Mamert.
982 3357 1059 3421 cap.
1076 3355 1101 3400 r.
1116 3336 1152 3412 1.
1173 3334 1303 3416 ‘gemi-

198 3458 262 3506 nus
276 3440 399 3504 natalis
409 3437 430 3519 ;'
451 3448 486 3504 et
499 3460 574 3523 cap.
591 3459 632 3505 rr.
647 3444 680 3507 2.
704 3448 713 3477 ‘
729 3442 851 3525 gemini
866 3441 968 3508 uestri
984 3437 1140 3505 natales?
1184 3435 1229 3503 Id
1242 3455 1303 3510 au·

198 3549 268 3607 tem
289 3540 416 3606 factum
436 3549 489 3607 est
509 3544 554 3609 ad
573 3543 811 3611 declarandam
831 3552 988 3615 mutuam
1001 3543 1177 3624 utriusque
1198 3537 1302 3621 hujus

118 3664 121 3667 ·
198 3642 419 3728 Imperatoris
440 3647 667 3726 concordiam,
683 3665 784 3732 quam
804 3649 914 3714 verbis
936 3646 1024 3715 satis
1040 3643 1228 3727 exprimere
1247 3658 1303 3707 ne-

198 3748 277 3816 sciit
289 3754 409 3813 orator.
433 3748 545 3826 ‘Quae
555 3751 626 3814 ulla
641 3750 812 3834 unquam,'
827 3751 937 3833 inquit
950 3768 1028 3832 cap.
1043 3764 1095 3810 vr.
1108 3747 1141 3810 3.
1163 3745 1304 3813 ‘videm

198 3852 324 3930 saeonta
345 3851 445 3915 talem
468 3852 503 3915 in
524 3871 656 3920 summa
677 3859 850 3936 potestate·
863 3849 1100 3920 concordiam?
1145 3848 1216 3927 Qui
1231 3865 1305 3929 ger-

197 3953 288 4019 mani
307 3953 493 4036 fratresque
513 3953 661 4019 indiviso
682 3956 882 4039 patrimonio
899 3962 968 4023 tam
984 3953 1192 4036 aequabiliter
1206 3957 1304 4020 utun-

198 4059 263 4129 tur,
289 4074 391 4137 quam
415 4074 477 4121 vos
498 4057 578 4122 orbe
597 4055 801 4123 Romanoi'
831 4058 901 4142 §a
923 4055 1008 4120 ‘lta
1029 4054 1184 4138 duplices
1205 4051 1306 4122 vobis

198 4155 324 4225 divinae
344 4161 505 4243 potentiae
524 4160 652 4229 tructus
667 4163 780 4248 pietas
795 4171 911 4240 vostra
920 4160 1070 4244 largitur,
1084 4166 1122 4226 et
1135 4177 1199 4226 auo
1213 4162 1305 4226 utera
