2730 4726
493 605 789 716 EUMEN
804 611 865 713 ΙΙ

170 982 175 993 .
267 902 769 997 unumunurn
834 858 1084 998 norro

336 1177 726 1257 cous'rANtiNO
767 1166 1021 1259 AUGUSTO

389 1390 729 1471 FLAVIENSIUM
758 1393 966 1460 NOMINE.

165 1796 217 1855 De
232 1796 319 1874 hujus
332 1794 513 1875 Panegyrici
526 1803 657 1868 auctore,
678 1805 709 1856 et
722 1816 781 1876 quo
801 1803 932 1874 tempore
946 1811 982 1854 ac
995 1791 1063 1852 loco
1076 1793 1228 1873 pronunti·
1255 1786 1258 1791 ’

126 1903 190 1977 atus¹
214 1893 266 1966 sit,
294 1895 323 1953 in
348 1893 485 1954 Eumenii
504 1891 586 1981 'Vita
607 1893 799 1974 Panegyrico
823 1899 930 1972 quarto
955 1909 973 1949 a
996 1890 1080 1950 nobis
1103 1889 1228 1970 praefixa

127 1988 268 2050 diximus.

452 2339 636 2391 suuorsrs
660 2307 911 2392 rrunernrcr.

128 2459 161 2511 In
182 2459 301 2512 Exordio
321 2457 408 2509 reddit
430 2461 559 2510 rationem
579 2473 627 2508 cur
646 2457 822 2508 Fiaviensinm
842 2459 946 2508 nomina
966 2457 1115 2522 imperatori
1131 2456 1228 2518 gratias

158 2556 240 2604 agere
251 2542 372 2591 Treveris
390 2540 520 2605 maluerit,
538 2555 615 2606 qnam
630 2538 822 2604 Augustuduni,
843 2540 903 2590 dum
922 2541 948 2618 in
966 2553 997 2589 es
1015 2539 1079 2590 urbe
1097 2542 1165 2586 essct
1183 2536 1229 2584 irn-

159 2627 278 2685 perator.

128 2705 319 2754 Drsnnrnunro
331 2703 354 2752 Ι.
376 2704 462 2756 Quam
476 2703 570 2753 merito
584 2701 769 2754 Constantinus
781 2701 871 2752 AEduis
882 2700 1044 2753 subvenerit.
1073 2699 1112 2750 li.
1124 2699 1230 2751 Quanta

162 2790 252 2832 corum
264 2798 343 2834 causa
353 2782 457 2845 fecerit,
468 2799 524 2848 cap.
537 2797 568 2833 ιι.

128 2863 151 2913 1.
168 2864 255 2913 Psns.
288 2863 365 2914 IEdni
384 2863 496 2914 omnium
509 2864 586 2929 primi
597 2863 691 2914 fratrer
709 2864 799 2929 populi
819 2863 929 2914 Romani
947 2878 961 2912 a
980 2867 1074 2912 senatu
1092 2859 1229 2924 appetisti,

158 2944 241 2994 iidem
255 2944 405 3007 reipublicae
414 2959 493 3009 supra
503 2951 605 2996 ceteros
614 2947 721 3010 populor
733 2944 842 3008 addicti,
851 2945 996 2995 Galliarum
1009 2943 1133 2992 adversus
1144 2947 1232 3007 tyran,

158 3041 206 3075 nos
217 3031 344 3089 quantum
356 3025 381 3074 in
393 3024 456 3088 ipsis
468 3024 519 3075 fuit
530 3025 693 3088 defensorem
711 3033 738 3077 et
750 3026 809 3077 ideo
828 3025 973 3078 Constantii
987 3024 1172 3074 liberalitatem
1184 3035 1230 3071 sx-

160 3106 242 3172 perti,
253 3118 311 3168 cap.
319 3119 363 3153 ιιι.
371 3111 472 3169 septem
482 3106 608 3156 mensium
620 3106 780 3156 obsidionem
789 3107 980 3156 acerbissimam
993 3104 1064 3155 ferre
1075 3106 1230 3159 maluerunt,

159 3201 191 3238 sc
202 3187 306 3236 demum
320 3185 429 3236 Claudio
440 3186 608 3249 imperatore,
620 3187 694 3250 cnjus
705 3201 781 3251 opem
794 3187 973 3251 implorarant,
987 3185 1013 3234 in
1024 3184 1136 3234 Gothico
1151 3197 1230 3247 expe·

157 3267 260 3317 ditione
269 3271 406 3330 occupato,
415 3279 473 3315 cunr
485 3267 575 3316 anaiiii
586 3281 645 3331 sper
656 3267 726 3316 nulle
737 3274 817 3329 esset,
828 3267 917 3317 nrbcrn
929 3265 1044 3316 hostibus
1056 3263 1230 3328 diripiendum

158 3347 276 3408 tradere,
285 3360 360 3411 quarn
369 3345 447 3396 fidem
457 3360 530 3396 snum
539 3346 645 3411 riotnre,
657 3362 716 3412 cap.
726 3362 765 3397 iv.
799 3348 859 3397 Huc
871 3362 953 3412 usqne
962 3361 1038 3410 quum
1050 3346 1118 3395 bene
1130 3345 1230 3398 meritis

158 3427 252 3478 AEduis
264 3427 431 3488 subvenerit3
448 3442 517 3478 nunc
528 3443 605 3493 quam
624 3431 740 3492 graviter
754 3426 868 3478 afflictis.
902 3427 971 3478 Novi
983 3441 1073 3477 census
1084 3426 1231 3478 acerbitato

158 3509 356 3576 premebantur,
366 3524 424 3573 cap.
436 3523 463 3558 v.
495 3508 649 3560 Accedebat
659 3510 707 3559 soli
717 3509 916 3575 iniquitas,cap.
926 3522 966 3558 vr.
999 3509 1096 3574 Magne
1109 3523 1142 3558 ex
1154 3513 1230 3572 parts

162 3597 240 3642 rasta
248 3590 306 3640 loca
318 3598 344 3640 et
355 3589 482 3655 squalida,
493 3590 605 3654 abrupta
617 3589 719 3639 itinera.

128 3670 169 3724 11.
185 3673 274 3723 Psns.
307 3671 404 3721 Eorum
423 3670 512 3720 urbem
534 3670 680 3735 ingreditur
692 3669 878 3719 Constantinus
894 3669 1004 3720 mirifico
1020 3667 1229 3720 concurrentium

160 3752 316 3818 populorum
334 3750 430 3808 studio,
448 3765 508 3814 cap.
520 3765 572 3800 vu.
605 3751 723 3815 Benigne
744 3751 859 3814 singulos
876 3752 1016 3817 compellat
1036 3751 1096 3815 quid
1117 3749 1230 3798 omnium

160 3832 273 3884 maxime
284 3846 330 3882 sna
339 3845 416 3881 cansa
427 3829 526 3881 iactum
538 3831 628 3895 veiint,
644 3844 702 3894 cap.
713 3842 755 3881 rx.
789 3831 900 3881 Relaxat
912 3846 1027 3894 censum,
1041 3829 1132 3880 definit
1149 3828 1230 3879 vecti-

158 3914 255 3977 galium
268 3901 403 3962 nnmerum
414 3911 514 3977 reliqua
525 3910 615 3962 debita
632 3912 793 3969 remissurus,
811 3919 936 3977 quantum
958 3912 1019 3963 fisco
1036 3925 1084 3961 suo
1103 3908 1231 3967 deberent

158 3996 320 4058 interroget:
336 3993 366 4043 iis
377 4000 477 4057 septam
489 3993 568 4043 millia
580 3993 695 4057 cupitum
715 3994 836 4058 remittit,
856 3994 907 4044 hoc
921 4000 969 4049 est,
988 3997 1106 4059 quurtsrn
1120 3991 1230 4058 amptius

159 4084 263 4139 partem
271 4089 415 4131 censuum:
432 4081 519 4125 utrum
531 4073 557 4124 id
569 4073 702 4125 sufficeret
714 4081 893 4139 percontatus,
910 4089 967 4138 cap.
981 4087 1008 4123 ιι.
1025 4073 1139 4138 quinque
1151 4087 1230 4122 anno·

162 4148 218 4206 rum
233 4155 334 4220 reliqua
347 4155 485 4218 vectigalis
496 4154 614 4206 remittit.

193 4237 284 4301 Dsipd.
295 4242 320 4286 et
337 4235 393 4286 Vur.
407 4237 472 4288 cnr.
610 4218 708 4300 Pansg.¹
719 4234 774 4286 Ver.
910 4302 914 4309 .
1115 4240 1130 4301 t
1147 4235 1164 4284 S
