2730 4726
214 306 300 371 rulo
615 318 751 367 uantur
775 319 914 368 uacari
1004 316 1009 323 ·

214 470 285 535 alio
310 469 402 546 orbe,
421 475 456 532 et
480 467 545 531 snb
570 467 638 532 alin
664 484 761 551 prens
786 467 928 534 dixerim
950 469 1023 533 snle
1039 470 1190 553 pesitus,
1204 472 1311 556 spatio

213 573 300 637 lucis
312 572 412 636 unius
426 571 564 656 Illyrico
579 571 791 637 continuavit
804 559 1013 654 Aquileiam?
1043 574 1078 636 3.
1094 573 1191 638 Nihil
1203 583 1311 641 tamen

214 676 352 740 sibimet
371 675 437 740 boc
457 676 594 739 nomine
618 675 740 739 milites
762 675 813 741 tui
835 671 1051 741 vindicans*
1073 683 1111 742 ut
1130 678 1312 760 siquando

212 779 406 843 mirantium
420 779 566 842 circulos
575 775 792 856 contrahunt,i
802 784 861 842 aut
873 780 1029 845 convivia
1038 786 1155 847 nostra
1165 801 1313 849 sermons

213 881 418 965 producunt,
433 880 593 966 opernm*
606 901 739 946 omnem
750 902 847 947 suam
858 881 924 948 fine
932 880 1071 967 Alpium
1084 885 1313 962 terminantes,

211 984 330 1049 deberi
339 986 404 1049 sibi
413 985 563 1050 abnuunt
571 985 663 1049 illem
671 984 886 1063 celeritatem,
897 986 1154 1071 quodexpertes
1163 989 1313 1055 laborum

213 1089 406 1173 pervenisse
418 1108 457 1152 se
472 1088 622 1166 viderint,
637 1108 706 1172 quo
721 1089 770 1154 ire
782 1107 851 1153 nou
864 1095 1055 1159 senscrunt:
1077 1097 1204 1172 negant
1216 1091 1313 1156 imme

212 1212 252 1256 se
272 1193 343 1256 suis
366 1198 482 1256 vectos
498 1212 573 1256 esse
598 1193 807 1275 corporibus,
822 1191 884 1257 sed
909 1200 1072 1278 tauquam
1096 1212 1158 1275 per
1184 1193 1313 1277 aliquas

212 1296 376 1379 imagines
389 1296 593 1361 somniorum
607 1298 768 1361 ferrentur
787 1292 964 1373 absentes,j
981 1297 1169 1381 praebuissa
1184 1303 1313 1378 gestuu-

212 1400 302 1464 tibus
332 1400 441 1464 ventis
466 1400 651 1464 otiosorum
679 1399 864 1463 ministeria
891 1401 1126 1465 membrorum.
1170 1401 1206 1462 4.
1241 1398 1312 1464 Nec

212 1501 298 1567 tides
312 1521 436 1586 anceps
446 1502 475 1567 :l
493 1522 572 1566 uam
593 1502 624 1565 si
638 1502 721 1566 olim
739 1501 847 1566 severi
862 1501 1034 1566 credidere
1056 1500 1218 1585 majores
1234 1499 1312 1566 Cus-

212 1612 305 1670 torcs
326 1601 501 1688 geminos,k
520 1605 715 1670 albentibus
735 1605 834 1688 equis
857 1611 893 1669 et
913 1603 1061 1669 stellatis
1084 1603 1246 1688 apicibus
1267 1603 1312 1676 in·

212 1709 337 1791 sigues,
351 1707 525 1792 pulverem
536 1725 753 1792 umoremque
763 1706 976 1772 'Phaselim
989 1707 1087 1792 aquia
1101 1705 1244 1777 Tiberis
1257 1705 1311 1771 ab·

210 1809 357 1888 luentes,
372 1817 406 1875 et
427 1810 600 1876 nuntiasse
624 1810 813 1887 victoriam,
829 1817 865 1875 et
887 1811 1076 1894 imputasse
1101 1809 1311 1890 militiam·

210 1934 272 1981 our
291 1935 358 1980 unu
381 1923 450 1979 tute
473 1914 684 1999 publicaeque
706 1913 865 1980 vindictae
878 1913 1071 1978 contessum
1086 1912 1244 1996 aliquam
1255 1914 1311 1979 im·

212 2019 365 2084 mortalis
390 2017 458 2083 Dei
482 2037 595 2083 curam
619 2025 778 2102 putemus
792 2016 1000 2082 annixami⁸
1020 2015 1087 2079 uisi
1101 2015 1192 2079 forte
1207 2015 1308 2101 majo-

210 2138 280 2186 rem
291 2121 396 2186 diviui
410 2119 535 2186 favoris
548 2138 687 2204 operum
700 2138 756 2184 res
779 2117 938 2184 Romana
951 2117 1132 2202 poscebat,
1148 2115 1308 2185 Macedo·

211 2224 289 2290 nico
314 2223 472 2307 augenda
497 2242 605 2305 reguo,
629 2241 731 2306 quam
755 2221 932 2307 tyrannico
960 2219 1139 2287 eximenda
1165 2222 1309 2287 seruitia.

210 2329 242 2391 5.
266 2327 339 2410 Ego
361 2347 455 2404 vcro,
478 2326 507 2389 si
532 2325 672 2390 coeleste
695 2323 938 2408 studium⁰pro
952 2323 1115 2406 dignitate
1131 2342 1308 2391 causarum

212 2430 447 2497 aestimandum
471 2428 528 2506 sit,
548 2427 624 2511 jure
645 2426 886 2504 contenderim,
902 2429 1033 2511 equites
1048 2431 1127 2491 tuos
1145 2418 1307 2510 Pegasis,¹

237 2579 249 2621 ἰ
269 2582 308 2630 Ec
316 2580 414 2645 Illyrico
424 2580 488 2630 send
499 2579 644 2644 Aqaibiom.
708 2576 721 2611 Β
739 2577 864 2639 Susceptus
872 2593 888 2626 o
898 2592 925 2626 se
936 2577 1035 2627 hieros.

242 2643 250 2676 ¹
269 2647 391 2712 Necfidss
400 2647 501 2696 incerta.
565 2653 585 2677 ⁸
604 2646 707 2708 Ορηαπι
717 2644 809 2694 dedim
822 2644 939 2693 Romanis
952 2645 977 2693 ia
987 2659 1014 2693 eo
1022 2641 1115 2706 walis.

243 2719 257 2743 ⁸
274 2713 430 2773 Manifestum
440 2717 490 2762 tnoe
504 2711 649 2774 publicaque
659 2711 774 2758 uindicta
785 2708 934 2759 olloberosss.
998 2716 1009 2741 ⁰
1024 2709 1224 2768 Deuramsosor.

666 2837 850 2863 Ouumuu

210 2925 313 2981 nundin
329 2922 387 2973 cod.
401 2919 496 2972 Scbeff.
507 2922 541 2986 fl.
552 2924 709 2981 wumsdis5
717 2921 751 2986 fl.
767 2921 891 2972 mundis
907 2920 968 2971 edd.
981 2927 1092 2972 recentt.
1107 2927 1132 2970 st
1147 2922 1175 2971 is
1186 2922 1236 2972 alu
1253 2920 1309 2971 edd.

211 2998 276 3040 vett.
293 2995 317 3038 et
331 2989 374 3038 sub
385 2989 432 3038 olio
446 2989 506 3036 vet.
519 2988 630 3036 Puteau.
640 2989 666 3036 iu
676 2990 724 3037 ulio
737 2990 786 3036 solo
802 2993 826 3037 st
842 2990 868 3035 in
884 2987 931 3036 ulio
944 3001 1012 3050 pone
1027 2987 1131 3036 dixemus
1141 2989 1207 3041 orbe,
1221 2989 1310 3052 positus

210 3057 278 3118 conj.
290 3054 440 3104 Acidini-3
454 3053 520 3101 Edd.
534 3059 598 3102 vett.
610 3054 703 3102 κωπίω
712 3054 850 3110 vindicum
868 3053 946 3102 codd.
958 3051 1053 3100 Sabell.
1065 3055 1238 3102 Schwaraiau.
1251 3054 1309 3102 Vct.

210 3122 322 3173 Putean.
339 3128 366 3168 et
379 3118 490 3180 Guelpb.
500 3118 592 3166 semiue
603 3119 691 3167 milites
701 3118 738 3167 tui
749 3120 883 3168 vendicant.
916 3119 970 3166 Pro
981 3119 1088 3177 circulos,
1100 3118 1218 3182 Guelpb.
1232 3119 1312 3170 babet

209 3189 297 3234 ocutos.
331 3185 412 3233 Paulo
425 3191 491 3245 post,
503 3197 550 3247 pro
566 3184 681 3241 umentes,
698 3182 799 3232 Acidal.
815 3184 879 3246 legit
894 3183 1101 3246 obsequentes-4
1113 3183 1184 3235 Edd.
1198 3191 1311 3247 setim·

210 3256 284 3299 temus
290 3255 313 3298 et
324 3250 438 3298 adnixum
444 3265 454 3307 ,·
473 3248 534 3297 Vet.
545 3249 657 3298 Putean.
667 3257 694 3297 et
705 3249 770 3298 Ere.
781 3249 1024 3299 &horrescerent
1034 3246 1104 3297 rdet.
1122 3249 1177 3298 Pro
1188 3251 1310 3311 edibon,

209 3316 269 3365 ced.
280 3313 374 3365 Scireff.
383 3316 461 3365 babet
471 3314 586 3364 mudum.
619 3314 694 3365 Idem
707 3314 789 3364 codex
799 3330 869 3378 mox,
879 3313 1065 3374 diuiniseruoris
1080 3315 1311 3391 operosae-bow.

704 3444 815 3497 NOTAE

241 3543 413 3606 ¹²Vinrlicont]
440 3528 544 3593 Nullam
567 3543 616 3592 sibi
636 3543 737 3594 laudern
808 3542 959 3606 tauream]
986 3544 1065 3592 Forte
1092 3542 1258 3608 nbmqamtes,
1283 3552 1310 3594 ut

210 3623 243 3676 ub
256 3623 281 3672 id
294 3621 372 3672 tribui
385 3621 474 3668 volunt
485 3620 579 3669 milites
595 3621 641 3669 tui.
778 3622 942 3684 suspicantur
955 3619 1087 3668 Livineius
1100 3627 1128 3668 et
1141 3618 1285 3672 Acidalint.

241 3698 409 3748 ¹Mirantium
418 3697 517 3746 circulos
530 3698 684 3763 contrabant]
703 3699 737 3748 Et
810 3695 821 3730 ¹
839 3698 952 3746 Castores
966 3695 1084 3760 geminos]
1103 3694 1136 3745 Id
1152 3704 1204 3757 est,
1222 3698 1309 3748 Casto·

208 3776 346 3839 siquando
359 3790 398 3823 res
416 3782 503 3838 gestas
521 3784 627 3823 narrant
644 3774 669 3823 in
688 3774 736 3823 cir·
777 3790 830 3826 retu
843 3782 870 3824 et
881 3775 1013 3823 Pollucem
1029 3770 1123 3821 fratres
1135 3775 1261 3834 gemellos
1278 3787 1308 3822 ex

209 3855 283 3910 culis,
293 3869 324 3903 ec
341 3853 451 3902 cutibus
469 3854 596 3902 bominum
609 3853 640 3902 ad
654 3867 698 3902 eos
708 3867 737 3903 se
778 3853 851 3902 Leda
867 3853 990 3904 ctione:
1007 3848 1040 3898 de
1058 3849 1097 3898 bis
1115 3863 1197 3912 snpra
1213 3853 1308 3912 Paneg.

209 3933 331 3983 audiendi
354 3946 431 3981 causa
453 3930 588 3982 confestim
608 3931 737 3980 certatim·
778 3942 807 3979 x.
820 3935 859 3978 15.

210 4025 260 4074 que
282 4009 486 4072 applicantium:
516 4007 644 4071 utromodo
668 4008 737 4073 apud
812 3999 949 4065 'Pegosid
965 4002 1307 4064 DePegaaopoiitarunrfs·

209 4086 304 4136 Horat.
326 4093 436 4134 canente
455 4085 553 4140 Alcaeo,
576 4082 628 4133 Od.
647 4097 679 4132 11.
698 4087 738 4133 13.
778 4079 844 4128 bulis
866 4080 997 4136 notissimo
1024 4093 1246 4144 supervacaneum
1270 4087 1307 4132 est

209 4164 330 4225 ‘Puguas
348 4169 375 4210 et
395 4167 500 4211 exactos
523 4170 646 4226 tyrannos
666 4161 738 4211 Dau-
779 4155 876 4208 dicere.

210 4255 266 4291 aum
277 4238 389 4289 bumerie
401 4237 467 4290 bibit
479 4251 543 4308 aure
554 4236 664 4301 seiguel
