2730 4726
125 290 213 361 1484
445 303 614 357 seusun
636 303 911 357 rnuncrnreus

126 454 281 536 quietem,
295 459 329 518 et
342 450 545 538 profundum
560 450 636 516 urbi
651 451 759 516 otium
782 457 901 532 gentes
925 449 1130 534 perdomitas
1150 471 1227 519 cnm

128 555 294 620 didernnt.
334 557 368 624 4.
391 554 508 623 Vacat
519 553 766 619 remissioribus
778 553 899 618 animis
912 552 1167 621 delectamenta
1175 577 1229 641 pa·

127 657 179 721 cis
195 657 382 723 adhibere!
425 656 650 722 celeberrima
675 675 821 740 quaeque
845 657 939 721 urbis
953 657 1055 722 novis
1069 659 1229 741 operibus

128 760 335 827 enitescunt:
366 779 431 826 nee
461 759 618 824 obsoleta
643 758 743 824 modo
768 777 830 842 per
855 766 1055 824 vetustatem
1077 759 1232 825 redivivo

130 862 226 928 cultu
240 863 475 947 insigniuntur,
492 861 553 926 sed
575 861 637 927 illa
656 861 744 946 ipsa,
760 881 837 945 quae
856 863 998 926 antehac
1018 862 1231 944 magnificen-

129 965 264 1031 tissima
286 966 504 1051 putabantur,
522 983 621 1043 nunc,
645 966 720 1029 nuri
741 964 817 1029 luce
844 963 1020 1046 fulgentia,
1040 964 1230 1037 indecorum

128 1068 293 1151 majorum
309 1068 548 1153 parsimoniam
559 1067 792 1151 prodiderunt!
833 1068 866 1133 ὅ.
883 1065 985 1131 Circo
996 1067 1068 1151 ipsi
1080 1066 1230 1131 maximo

129 1171 293 1237 sublimes
308 1171 485 1256 porticus,²
499 1179 534 1236 et
548 1170 722 1236 rutilantes
736 1189 819 1235 auro
830 1169 998 1251 columnae
1010 1173 1151 1235 tantum
1164 1171 1232 1235 inus

131 1273 226 1340 sitati
241 1284 381 1338 ornatus
396 1272 574 1351 dederunt,
590 1281 628 1337 ut
641 1272 776 1336 illonon
791 1271 901 1336 minus
916 1271 1039 1357 cupide
1053 1273 1233 1338 convenia·

129 1385 184 1440 tur
198 1377 265 1442 loci
279 1376 395 1458 gratia
409 1395 510 1461 qnam
526 1374 709 1458 spectaculi
724 1375 930 1458 voluptate*

175 1477 266 1543 Cur.
298 1494 447 1543 xxxvi.
490 1477 523 1541 1.
544 1477 731 1542 Tantorum
754 1477 868 1547 Roma
893 1488 1034 1560 compos
1059 1477 1232 1551 bonorum,

131 1601 209 1668 qna>
223 1582 361 1666 quidem
375 1582 408 1646 ei
424 1587 502 1647 sunt
515 1600 592 1645 cnm
608 1588 680 1646 toto
696 1581 777 1645 orbe
798 1579 998 1653 communia,
1020 1577 1134 1643 haurit
1147 1577 1232 1664 insu·
1257 1659 1261 1666 Ι

131 1704 192 1768 per
207 1683 356 1766 ingentis
373 1685 448 1768 spei
461 1684 612 1764 fructum,
629 1703 732 1768 quam
743 1683 956 1768 propositam
972 1681 1039 1744 sibi
1055 1700 1104 1744 ex
1121 1678 1233 1759 Caesaf

130 1786 225 1853 ribus
250 1785 493 1853 nobssissimis·
520 1785 633 1863 habet,
663 1805 848 1869 eorumque
877 1781 1067 1856 fratribus,''
1093 1800 1234 1866 qnorum

127 1887 202 1974 jam
216 1889 350 1954 nomina
364 1889 441 1973 ipsa
455 1906 664 1966 veneramur,
687 1889 754 1953 etsi
773 1895 857 1954 vota
879 1894 996 1953 nostra
1010 1886 1146 1951 interim
1163 1903 1235 1969 pro·

165 2073 178 2108 ¹
195 2075 245 2125 Fur
254 2078 291 2123 est
301 2072 410 2124 liberiore
420 2060 678 2123 usimocbleciumestr
687 2071 753 2136 pacis
762 2085 884 2134 usupare.

164 2139 173 2173 ¹
188 2139 304 2200 Arguunt
313 2139 460 2188 amman
471 2138 586 2200 mdiorum
594 2143 728 2187 nmmum
738 2137 917 2201 parsimoniam.

164 2212 183 2237 ¹¹
204 2205 239 2255 Ut
250 2204 360 2270 iilecfiut
369 2218 496 2255 macarius
504 2219 552 2254 aon
563 2204 642 2253 misus
650 2204 812 2253 udcirmdnm
820 2205 905 2267 leam,
916 2214 987 2266 pum
1002 2199 1233 2266 spectaculicuus..

594 2327 775 2351 meconem

133 2425 227 2471 terrem
238 2420 400 2481 Ouelpa-4
412 2421 518 2472 Puteol.
529 2421 646 2471 Rhennn.
658 2421 750 2485 Steph.
762 2421 847 2470 Lirin.
858 2419 944 2470 Riviu.
957 2419 990 2468 sl.
1002 2425 1069 2468 vett.
1092 2432 1148 2481 qao
1157 2418 1236 2477 nrbirr

134 2487 197 2535 Ver.
209 2487 321 2535 Puteun.
338 2486 450 2549 Guelplr.
463 2487 565 2537 Bertin.
579 2489 644 2537 Eue.
656 2487 739 2552 Lsag.
757 2487 844 2536 Moerl.
861 2486 967 2548 Cuspio.
978 2485 1057 2534 Grut.
1079 2493 1107 2532 et
1126 2490 1234 2532 recenti.

132 2552 309 2616 quaqueurbis.
324 2550 425 2603 Auidul.
434 2553 503 2616 conj.
511 2551 785 2616 celeberrimuqacnrbis.
801 2550 870 2600 Vide
879 2551 1039 2600 Nott.Varr.
1056 2547 1237 2612 aobisoperibu

135 2617 241 2666 Purecl.
254 2618 371 2668 Rhenan.
383 2617 418 2668 Η.
428 2617 519 2681 Steph.
531 2627 559 2668 et
571 2618 660 2667 Riviu.
669 2623 694 2667 l.
710 2619 778 2666 auom
788 2616 896 2681 operibus
906 2617 969 2666 Vet.
980 2613 1095 2664 Putean.
1107 2627 1169 2662 cum
1182 2613 1237 2663 reli·

135 2686 191 2741 uiris
203 2682 265 2736 edd.
277 2684 352 2734 etsie
365 2684 432 2746 conj.
444 2682 545 2735 Acidul.
578 2683 631 2733 Pro
642 2683 758 2744 redivivo,
769 2683 867 2745 teger.
879 2682 951 2745 conj.
966 2679 1084 2729 recidivo.
1105 2679 1194 2729 Moerl.
1213 2683 1236 2726 et

135 2749 250 2813 Guelph.
261 2764 314 2811 qua
323 2753 402 2797 nutem
440 2748 489 2797 Ed.
501 2749 619 2797 Rhenun.
630 2747 742 2803 divisim,
752 2748 779 2796 ia
794 2749 903 2796 decorum
909 2761 919 2804 ,·
945 2745 1008 2794 Vet.
1020 2743 1137 2793 Putesn.
1149 2745 1237 2794 iridem·

134 2819 245 2864 νυνι-5
257 2815 351 2863 Idcirco
365 2814 415 2878 ipsc
425 2814 528 2863 maxime
540 2812 645 2863 Puteol.
657 2812 777 2862 Rhensn.
789 2811 881 2875 steph.
895 2811 976 2860 Livio.
1005 2809 1101 2858 Idcirco
1110 2807 1163 2873 ipsi
1175 2823 1238 2863 moso

135 2879 184 2927 imo
200 2879 262 2929 Vet.
278 2878 364 2929 Lirin.
387 2879 491 2929 Bertiu.
528 2878 622 2927 Idcirco
639 2877 688 2939 ipsi
705 2877 810 2926 maxime
827 2877 936 2940 Cuspin.
973 2874 1045 2924 Circo
1061 2873 1112 2936 ipsi
1129 2874 1237 2924 nram

135 2944 250 3006 Guelph.
263 2943 351 2994 Moerl.
362 2944 440 2994 Grut.
452 2951 480 2993 et
492 2950 601 2994 recenti.
611 2945 685 2992 etsie
695 2941 872 3008 eonjmeidit.
890 2941 958 2990 Vide
969 2939 1047 2988 Noti.
1060 2939 1138 2987 Varr.
1154 2937 1239 3000 speculi

135 3011 256 3058 uoluntate
265 3009 325 3059 edd.
340 3018 403 3058 vett.
420 3009 549 3071 spectaculi
558 3009 679 3070 columnia
692 3009 753 3056 Vet.
761 3007 846 3056 Livio.
860 3006 925 3055 Exe.
937 3007 1018 3068 Lang.
1029 3005 1143 3068 cuspin.
1155 3005 1189 3054 sl.
1201 3016 1240 3068 sp.

137 3074 255 3123 Rhenan.
276 3075 398 3138 spectandi
408 3075 528 3136 uoluptate
536 3075 597 3122 Vet.
608 3073 722 3122 Putesn.
739 3071 808 3121 Vide
822 3072 897 3121 Noti.
908 3071 985 3119 Verr.

152 3139 237 3187 -Csm
257 3152 358 3188 xxxvi.
392 3143 406 3191 l
428 3140 545 3189 Rhenus.
564 3147 592 3188 et
604 3139 695 3202 steph.
712 3153 808 3199 eumpse
826 3137 939 3185 bonorum
948 3151 958 3194 ,-
974 3135 1037 3198 Vet·
1048 3134 1166 3183 Putesu.
1176 3133 1239 3183 Exc.

136 3204 280 3254 Schonhur.
294 3204 406 3266 Guelplr.
416 3205 449 3252 sl.
460 3212 491 3254 et
506 3203 567 3253 edd.
579 3212 691 3254 recenti.
712 3218 805 3266 compos
818 3202 945 3260 benorum
968 3209 996 3249 et
1008 3201 1045 3248 sic
1056 3199 1125 3263 conj.
1138 3197 1241 3248 Acidsl.

136 3269 204 3319 Vide
220 3271 295 3318 Noti.
307 3270 382 3319 Verr.
399 3269 482 3318 babuit
493 3269 588 3332 lmsper
599 3270 703 3318 Puteal.
715 3268 833 3319 Rhenan.
844 3267 934 3332 steph.
946 3265 1028 3315 Lirin.
1043 3264 1131 3313 Rivis.
1162 3263 1240 3315 saum

136 3334 232 3396 iusuper
248 3335 311 3384 Vet.
323 3335 433 3384 Putesn.
445 3335 506 3384 Vet.
519 3335 604 3384 Lirin.
616 3335 717 3384 Bertiu.
737 3334 802 3382 Exn.
821 3333 903 3395 Laug.
915 3330 1027 3394 Guelph.
1040 3329 1152 3392 Cuspiu.
1164 3328 1241 3380 Grati

138 3407 165 3448 ot
179 3408 289 3474 recentt.
315 3400 397 3477 babuit
407 3415 499 3463 semper
509 3402 574 3449 citat
586 3400 720 3449 Brouwer.
732 3396 828 3448 Annei.
840 3398 919 3446 Trer.
933 3411 977 3445 111.
991 3410 1017 3471 p.
1027 3398 1086 3444 211.
1100 3400 1193 3442 notato
1205 3402 1240 3442 tn·

137 3478 249 3580 still.
262 3459 1243 3593 tittttttttztrmittttittttl‚ittatttttltlmflt:itt

138 3595 192 3647 ulit.
225 3595 534 3657 Pruoeuerumur,Moerl.
552 3594 623 3645 Gud.
641 3603 669 3646 et
686 3594 760 3646 Pitlr·
777 3599 940 3650 omcrmturr
956 3590 1025 3640 unde
1044 3589 1161 3641 Putean.
1179 3587 1243 3652 conj.

641 3725 749 3776 NOTAE

170 3826 179 3861 t
198 3823 322 3888 Porticus]
338 3823 444 3874 Nemini
455 3837 508 3872 uon
518 3829 608 3874 uotum
620 3823 673 3873 Ro·
709 3823 870 3876 dicerentur.
883 3816 1047 3883 Pompeiana
1057 3817 1178 3881 inprimis
1187 3832 1244 3883 por·

139 3916 189 3954 mre
199 3901 312 3964 insignes
322 3900 401 3950 fnisse
409 3899 523 3962 porticus
533 3899 601 3949 bene
609 3899 674 3950 mul·
710 3900 778 3950 ticus
788 3896 994 3948 commendatur,

141 3987 199 4037 tns3
216 3991 322 4041 quarum
332 3975 388 4025 nliae
396 3975 602 4038 duplices,utsit
611 3977 675 4026 Sue·
743 3981 756 4011 ⁸
773 3974 907 4024 Cesaribus
925 3969 1093 4034 uobdbsimis]
1111 3969 1245 4037 Crispoet

30 4103 34 4107 .
139 4055 226 4103 tonius
246 4054 271 4102 in
292 4053 411 4113 Claudio,
432 4052 609 4117 triplicesque,
629 4057 676 4102 aut
710 4052 894 4104 Constmtiuu.

141 4129 237 4180 Graeeo
248 4129 375 4181 vocabulo
384 4129 526 4179 tetrasticon
539 4135 566 4178 et
574 4137 676 4193 pentus»
743 4127 755 4162 ὓ
772 4129 907 4190 Eurumque
919 4122 1056 4187 frutribus]
1074 4124 1246 4175 Constantem

142 4205 201 4257 rica
210 4221 225 4256 a
235 4205 344 4258 totidem
353 4204 486 4259 ordinibus
497 4207 675 4260 columnarum
711 4213 777 4275 puts
788 4212 816 4255 et
825 4201 1014 4267 constantium,
1024 4213 1132 4269 quernus
1143 4199 1247 4255 nomin·
