2730 4726
435 646 923 790 EUMENII

231 949 1145 1044 Pnnuouurcus

402 1196 792 1298 consrnnmnd
823 1221 955 1298 nuo.

172 1602 222 1662 De
231 1608 320 1686 hujus
327 1603 512 1684 Panegyrici
526 1614 658 1680 auctore,
668 1615 700 1666 et
710 1626 770 1688 quo
780 1605 849 1666 loco
862 1626 899 1666 ac
911 1616 1042 1688 tempore
1051 1609 1173 1670 habitus
1183 1610 1232 1678 sit,

129 1705 362 1786 supradiximus
374 1701 404 1761 in
419 1701 559 1762 Eumenii
577 1703 652 1774 vita,
665 1722 756 1783 quam
769 1703 962 1784 Panegyrico
975 1717 1081 1785 quarto
1100 1703 1233 1786 praefixi-

129 1823 202 1864 mus.

443 2111 626 2160 sruorsls
650 2110 903 2160 rnnuurulcl·

127 2244 162 2296 Iu
180 2245 293 2295 Exordio
307 2243 423 2295 ostendit
440 2244 466 2296 iu
482 2246 621 2297 laudandis
637 2246 838 2311 imperatoribus
856 2253 883 2297 et
895 2247 1042 2299 Cesaribus
1053 2244 1164 2298 difficile
1175 2258 1233 2296 esse

159 2325 290 2375 hominurn
301 2326 480 2389 expectationi
492 2327 662 2390 respondere,
672 2341 701 2376 se
709 2342 771 2377 vero
778 2328 965 2378 huncoratioui
975 2327 1078 2378 modum
1087 2329 1234 2386 allaturum,

161 2411 191 2455 ut
200 2419 255 2455 eam
268 2405 399 2469 praecipue
411 2404 581 2456 Constantino
592 2415 738 2457 consecret.

129 2486 317 2536 Drsrarnurro
328 2492 417 2550 potest
435 2499 508 2536 esse:
526 2487 550 2538 1.
568 2487 612 2537 De
631 2488 796 2538 Constantini
808 2487 841 2538 ad
854 2487 992 2552 imperium
1012 2489 1153 2540 electione.
1188 2490 1229 2539 ΙΙ.

160 2568 204 2618 De
215 2568 295 2617 variis
307 2565 422 2630 ejusdem
436 2567 561 2617 victoriis.
1183 2610 1186 2614 Α

127 2647 151 2697 1.
162 2647 247 2699 Pares.
264 2649 307 2698 De
320 2647 482 2698 Constantini
495 2661 602 2711 genere,
614 2648 683 2713 qnod
700 2647 881 2698 hereditsriom
894 2647 927 2699 ab
938 2664 986 2698 ero
998 2649 1107 2700 claudio
1119 2658 1148 2701 et
1158 2657 1233 2714 patre

162 2729 314 2779 Courtantio
324 2728 461 2792 imperium
473 2728 614 2792 acceperit,
631 2742 654 2777 c.
667 2741 700 2777 ιι.
733 2727 808 2779 Quod
821 2728 882 2777 illud
900 2729 985 2793 ipsum
1002 2730 1138 2781 militando
1150 2746 1234 2781 meru·

159 2810 219 2863 erit,
227 2808 343 2872 inprimis
352 2807 421 2873 quod
429 2808 515 2858 adhuc
522 2809 673 2858 adolescens
684 2808 711 2857 in
720 2821 808 2872 pugna
815 2823 904 2859 manur
913 2824 972 2860 cum
979 2811 1157 2861 Sarmatarum
1167 2812 1233 2862 doce

161 2889 332 2951 conseruerit,
344 2905 369 2938 c.
381 2903 427 2938 ιιι.
453 2888 532 2940 Quod
544 2888 730 2938 Constantinus
741 2890 837 2938 ceteris
850 2887 976 2938 fratribus
988 2891 1041 2938 suis
1053 2893 1179 2953 praelatus
1189 2893 1235 2952 sit,

161 2977 191 3020 ut
203 2971 271 3033 patri
284 2969 448 3032 Constantio,
459 2971 501 3019 cni
514 2971 540 3019 in
549 2970 667 3020 omnibus
681 2968 757 3019 rebur
769 2977 839 3019 esset
847 2970 939 3019 rimilis
948 2970 1115 3034 succederet,
1124 2985 1232 3035 capit.

159 3050 272 3114 Egregia
281 3051 415 3115 utriusque
425 3050 596 3119 comparatic;
606 3049 775 3100 Constantius
784 3050 930 3099 Bononiam
940 3049 1086 3100 incredibili
1095 3052 1234 3103 celeritate

160 3130 243 3194 cepit,
259 3137 286 3179 et
303 3130 364 3179 dum
381 3129 471 3180 classis
488 3129 521 3179 ad
535 3128 728 3194 pervadendam
745 3130 908 3179 Britanniam
926 3137 1044 3193 paratur,
1056 3131 1194 3183 Balariam
1206 3141 1233 3182 et

158 3210 266 3260 Frisium
279 3225 295 3259 a
305 3201 413 3260 diversis
425 3211 583 3260 Francorum
595 3210 699 3274 regibus
709 3217 861 3274 occupatam
874 3210 980 3268 liberat,
989 3219 1081 3274 captes
1091 3212 1117 3262 iu
1129 3212 1234 3264 deserte

161 3289 304 3339 Galliarum
317 3291 376 3341 loca
384 3289 519 3354 transfert,
530 3291 683 3340 Britannias
695 3291 796 3340 decimo
808 3289 914 3341 tandem
926 3305 992 3341 anno
1010 3300 1159 3356 recuperat,
1175 3309 1232 3359 cap.

161 3385 188 3419 v.
197 3371 322 3421 clementi
334 3371 416 3421 utitur
426 3371 546 3430 victoria,
558 3370 673 3422 Francos
684 3370 778 3421 iterum
796 3370 823 3420 in
835 3371 888 3420 suis
905 3370 1010 3423 sedibus
1023 3372 1116 3423 vincit.
1149 3374 1233 3425 Juxta

161 3450 292 3513 Lingonas
311 3453 449 3515 sexaginta
469 3451 654 3501 Alamanorum
676 3450 758 3500 millia
776 3450 866 3500 caedit.
899 3450 1026 3502 Vindenis
1045 3465 1152 3517 campos
1173 3453 1230 3503 irns-

161 3531 224 3581 tium
238 3540 326 3595 strage
338 3532 470 3596 complet:
488 3530 594 3582 eosdem
604 3531 715 3595 populos
727 3531 844 3580 Rhenum
861 3530 943 3593 glacie
961 3533 1131 3583 constrictum
1150 3540 1233 3584 trans·

159 3612 263 3662 mittere
276 3626 352 3661 ausos
363 3612 395 3661 ad
406 3611 565 3662 deditionem
578 3612 658 3675 cogit,
667 3624 726 3677 cap.
738 3625 779 3661 vr.
807 3611 980 3675 caledonum,
992 3612 1182 3678 Pictorumque
1194 3629 1232 3664 re·

160 3693 271 3756 pionem,
283 3692 384 3743 Thulen
400 3701 428 3743 et
439 3694 597 3743 Fortunatas
613 3693 710 3743 insulas
728 3706 809 3758 usque
827 3706 992 3756 progressus,
1009 3707 1068 3756 erp.
1080 3706 1134 3742 vu.
1167 3694 1232 3744 Cou—

122 3765 125 3769 ’
160 3775 301 3824 stantinum
316 3773 386 3835 prius
399 3773 503 3836 imperii
516 3773 646 3824 heredem
659 3773 794 3837 relinquit,
806 3786 865 3837 cap.
876 3786 940 3824 vrrr.
968 3772 1048 3822 Redit
1059 3773 1093 3823 ad
1105 3773 1232 3825 Constan-

160 3854 253 3904 tinum.
288 3853 433 3904 Britannioe
445 3868 502 3903 cum
516 3861 623 3918 propter
634 3854 727 3917 multa,
736 3862 793 3905 tur
805 3868 837 3904 eo
853 3855 987 3918 precipue
1004 3855 1152 3917 gratulatur
1162 3855 1232 3920 quod

161 3934 245 3998 prims
257 3949 314 3983 eum
328 3936 458 3984 Caesrrem
471 3934 576 3992 viderit,
590 3950 648 3999 cap.
660 3932 716 3985 rx(

127 4013 167 4063 11.
185 4015 269 4064 Puris.
290 4014 397 4064 Mortuo
414 4020 490 4079 patre
503 4014 687 4064 Constantinus
698 4015 752 4079 jam
764 4013 908 4078 Augustus,
922 4012 1048 4064 Ascarico
1063 4021 1091 4064 et
1107 4014 1231 4081 Regairo,

161 4091 319 4146 Francorum
330 4096 444 4161 regibus,
455 4109 519 4161 quos
530 4095 600 4147 bello
608 4105 726 4161 ceperat,
734 4096 842 4161 punitis,
852 4096 1021 4147 securitatem
1029 4094 1124 4148 Galliis
1136 4097 1232 4152 reddit,
