2730 4726
199 301 286 365 1140
592 375 596 381 ,
702 319 793 367 vira

198 466 323 532 milites
339 483 380 529 eo
397 469 635 548 protraxerant,
651 467 805 548 proxime
819 472 987 532 astantem
1003 468 1111 552 digito
1127 490 1301 540 common·

197 577 323 636 straus:
347 568 443 632 ‘Hic
468 575 520 631 est
542 574 661 632 auctor
684 571 778 633 necis
794 568 1019 636 Numeriani'
1062 571 1300 651 Quem'trans.

196 675 351 741 fodienst
375 669 554 736 ‘Gloriare
569 670 673 753 Aper,
696 673 808 755 magui
823 673 943 737 AEueae
965 675 1087 739 dextra
1108 676 1244 744 cadisr’
1267 687 1302 745 et

197 779 240 843 ad
257 776 441 842 exercitum
457 792 658 839 conversus:
681 774 861 840 ‘Tandem
887 775 1017 859 Aprum
1040 778 1181 844 fatalem
1205 784 1300 847 occi·

196 880 269 947 di:’
298 888 402 964 atque
427 879 476 941 ita
506 876 644 941 Druidis
673 879 715 944 de
745 898 809 944 suo
837 880 981 962 imperio
1012 881 1213 946 vaticinium
1235 886 1298 950 im-

192 985 312 1069 plevit.
357 980 445 1058 Quae
471 979 543 1043 visa
565 987 599 1043 et
621 980 739 1044 audita
760 982 804 1045 ab
829 1000 895 1045 avo
918 1002 981 1045 suo
996 983 1096 1049 relert
1117 985 1206 1049 idem
1223 987 1297 1052 Vo-

192 1089 309 1173 piscus
326 1085 359 1148 in
371 1082 592 1147 Numeriano.
638 1082 874 1148 Nicomediam
889 1092 1093 1169 purpuratus
1108 1087 1245 1155 intravit
1263 1109 1298 1154 v.

194 1191 275 1256 Kal.
291 1189 365 1253 Oct.
376 1185 565 1252 chronicon
580 1184 860 1250 Alexandrinum.
896 1188 966 1251 Hic
980 1191 1123 1273 primum
1139 1194 1298 1259 cousula-

192 1301 264 1360 tum
288 1291 390 1355 iniit·
420 1288 475 1353 Ab
498 1307 538 1351 eo
561 1307 650 1352 anno
671 1289 792 1372 incipit
812 1309 882 1353 aera
903 1289 1118 1372 Diocletiani,
1140 1315 1218 1378 quae
1233 1297 1296 1362 illo

190 1405 320 1464 mortuo
337 1413 406 1460 aera
421 1396 599 1474 martyrum
616 1391 706 1455 dicta
727 1398 791 1457 est.
913 1410 916 1415 ·

92 1588 96 1601 '
211 1582 254 1646 A.
267 1582 312 1649 U.
324 1583 363 1648 C.
381 1600 591 1650 mxxxvur.
630 1587 707 1652 Chr.
725 1605 925 1654 cccxxxi&
958 1591 1104 1657 Dioclet.
1121 1592 1210 1677 Imp.
1228 1610 1273 1656 rr.

320 1688 426 1753 AEtat.
444 1706 605 1754 xxxvii.
643 1691 741 1756 Max.
756 1692 844 1776 Imp.
862 1711 887 1755 1.
910 1695 1015 1761 AEtat.
1031 1710 1159 1759 xxxv.

231 1807 468 1873 Diocletianus
486 1829 504 1873 e
524 1809 622 1894 Syria
642 1810 761 1883 redux,
783 1813 962 1879 consulatu
979 1813 1061 1879 Kal.
1076 1815 1157 1880 Jan.
1174 1834 1293 1881 secuu-

188 1911 268 1975 dum
288 1912 386 1991 inito,
407 1912 522 1976 multis
543 1913 671 1996 praeliis
686 1915 719 1976 in
736 1915 873 1998 Illyrico
900 1917 1109 1999 congreditur
1130 1937 1208 1982 cum
1225 1918 1294 1985 Ca·

186 2015 269 2092 rino,
285 2016 388 2099 quiin
405 2015 538 2094 Galliis,
560 2015 676 2096 ltalia,
697 2025 731 2081 et
757 2018 891 2102 Illyrico
916 2025 993 2104 post
1018 2021 1127 2104 patris
1150 2020 1233 2086 (lari
1258 2030 1294 2088 et

187 2117 388 2183 Numeriani
403 2118 513 2182 fratris
528 2125 668 2202 mortem
691 2121 754 2184 sub
772 2119 921 2202 Augusti
935 2123 1068 2186 nomine
1083 2124 1294 2209 imperabat3

164 2219 294 2284 donec
321 2220 463 2287 Carinus
490 2241 599 2304 prope
624 2223 796 2304 Murgum,
820 2224 902 2288 inter
923 2223 1164 2306 Viminacium,
1187 2234 1293 2310 atque

184 2320 334 2387 Aureum
352 2331 496 2386 montem
519 2326 552 2387 in
570 2324 698 2389 Moesia
715 2327 899 2409 superiore,
917 2327 1037 2405 esuis,
1052 2329 1176 2411 quibus
1192 2350 1293 2413 prop·

184 2431 235 2489 ter
257 2427 385 2491 uesaria
407 2426 540 2491 scelera
560 2447 688 2492 summe
714 2429 855 2492 odiosus
871 2438 952 2508 erat,
968 2431 1165 2497 confoditur.
1212 2431 1295 2512 Qua

184 2537 289 2593 morte
308 2550 384 2594 cum
408 2550 551 2594 vacnum
569 2537 658 2594 esset
675 2531 870 2595 Occidentis
892 2534 1080 2615 imperium,
1095 2535 1138 2598 ab
1153 2533 1197 2598 iis
1212 2554 1294 2617 pro·

183 2631 305 2695 vinciis
321 2638 353 2695 et
369 2634 531 2710 exercitu,
547 2635 601 2697 cui
626 2634 681 2697 ille
706 2641 861 2717 praeerat,
877 2636 1082 2699 renuntiatur
1096 2637 1292 2719 imperator,

184 2736 267 2799 etin
285 2736 422 2800 Oriente
436 2743 470 2800 et
485 2734 671 2800 Occidente
696 2736 768 2799 sine
793 2739 1013 2819 competitore
1033 2746 1180 2820 regnat.
1205 2738 1288 2819 Quo

183 2840 222 2903 fit
246 2848 282 2904 ut
308 2839 386 2904 iude
414 2840 521 2924 aliqui
547 2859 655 2904 annos
671 2836 878 2901 Diocletiani
899 2845 1104 2922 computent.
1147 2838 1290 2907 Interim

182 2963 258 3006 cum
274 2945 470 3007 rusticorum
482 2942 598 3018 sectio,
612 2942 737 3026 quibus
751 2940 986 3022 Bagaudarum
996 2961 1131 3017 nomeu,
1143 2941 1289 3009 ducibus

182 3045 224 3108 L.
241 3045 433 3129 Pomponio
450 3045 599 3121 AEliauo,
624 3051 657 3106 et
680 3044 844 3108 Salonino
868 3041 1038 3120 Amando,
1059 3052 1096 3108 ut
1111 3042 1233 3110 Victor
1252 3053 1289 3111 et

182 3148 366 3230 Eutropius
384 3147 531 3224 tradunt,
543 3145 707 3208 tumultus
724 3147 758 3207 in
771 3144 894 3209 Galliis
910 3146 1106 3220 concitaret,
1124 3145 1290 3213 castrum·

181 3272 247 3334 que
278 3251 431 3315 Parisios
458 3251 553 3325 inter,
579 3256 615 3312 et
640 3247 774 3343 Meldas
797 3247 841 3311 ad
868 3246 1061 3313 Matronam
1086 3249 1200 3328 situm,
1226 3253 1287 3318 ubi

180 3374 269 3417 nunc
286 3354 487 3416 Fossatense
504 3352 539 3415 S.
555 3350 668 3414 Mauri
686 3350 931 3414 Monasterium
952 3358 1017 3428 est,
1034 3364 1285 3437 occupassent3

181 3457 416 3520 Diocletianus
429 3463 582 3519 metuens
598 3473 640 3517 ne
654 3453 779 3518 Galliae
794 3473 909 3517 omnes
925 3454 1136 3537 superiorum
1150 3463 1286 3540 tempo·

180 3580 251 3623 mm
268 3560 409 3642 injuriis,
427 3559 493 3645 hoc
506 3567 571 3636 est,
588 3545 702 3624 Carini
723 3557 870 3640 Augusti
889 3557 1074 3622 acerbitate
1089 3577 1130 3622 ac
1144 3557 1286 3641 ferocia,

178 3663 428 3747 tyrannicisque
447 3661 602 3744 judicum
625 3681 763 3726 suorum
785 3660 1020 3724 exactionibus
1045 3667 1178 3732 vexatae
1200 3661 1287 3727 defi·

179 3774 300 3840 cerent,
317 3764 368 3829 M.
384 3763 558 3829 Aurelium
577 3763 822 3827 Maximianum
838 3767 984 3827 veterem
1001 3761 1158 3841 amicum,
1171 3771 1206 3829 et
1215 3766 1285 3830 sub

179 3868 291 3932 Probo
307 3875 406 3950 atque
421 3865 604 3931 Aureliano
626 3864 899 3940 commilitonem,
919 3864 974 3927 cui
996 3863 1055 3928 uni
1079 3865 1220 3930 Druidis
1241 3869 1285 3936 de

179 3991 242 4034 suo
269 3971 406 4053 imperio
433 3969 629 4045 vaticinium
662 3975 851 4050 aperuerat,
880 3965 1049 4030 hominem
1084 3969 1150 4032 sibi
1181 3976 1284 4038 aetate

179 4093 285 4159 prope
308 4092 498 4158 supparem,
521 4071 613 4138 bello
637 4078 816 4148 strenuum,
830 4077 864 4136 et
887 4070 971 4134 inter
991 4089 1084 4135 arma
1103 4071 1283 4141 educatum

178 4178 448 4262 institutumque,
463 4176 635 4244 Caesarem
656 4176 742 4243 facit
761 4175 894 4253 Romae,
915 4174 985 4269 ubi
999 4173 1054 4239 ille
1077 4174 1285 4271 Nicomedia
