2730 4726
412 341 651 394 eousraurro
677 341 834 392 oasam.
875 343 911 391 v.
932 324 968 395 6.
1150 329 1236 400 1281

134 485 349 574 Carporum*
391 487 596 554 Reservetur
616 484 758 554 nuntiia¹
776 487 847 572 jum
865 487 1007 573 jamque
1030 486 1240 558 venientibus

132 599 171 660 et
196 591 327 655 Mauris
355 592 508 656 immissa
537 590 695 656 vastatio.
747 589 779 654 3.
802 589 891 654 Aliis
920 589 1006 670 haee,
1031 593 1241 676 permittente

132 693 313 778 majestate
328 703 449 773 vestra,
466 694 666 759 celebranda
681 695 899 777 temporibua
943 695 1001 758 Dii
1017 693 1240 770 immortales!

132 804 219 862 vota
234 797 393 879 suscipio,
411 802 447 860 nt
461 797 581 880 ipsis,m
601 797 658 879 qui
675 814 822 878 gessere,
839 796 1074 879 praesentibus.
1118 797 1150 860 4.
1174 796 1241 863 Illa

131 918 227 972 vero,
243 898 362 963 Caesar
382 899 523 971 invicte,
538 919 614 982 quae
639 899 753 974 ductu,
775 904 873 981 atque
896 898 1072 982 auspicio¹¹
1093 899 1239 965 numinis

131 1003 183 1066 tni
205 1006 302 1084 gesta
323 1008 412 1080 sunt,
428 1021 568 1084 quorum
591 1000 695 1065 etiam
717 1000 912 1082 spectaculo
929 1000 1078 1078 fruimur,
1095 1001 1158 1064 sub
1173 999 1238 1071 hae,

130 1102 317 1189 oceanioue
338 1103 542 1186 dignationis
563 1108 641 1180 tuae,
658 1103 730 1167 sine
750 1102 909 1165 dilatione
924 1101 1065 1166 dicenda
1080 1108 1177 1183 sunt3
1198 1121 1239 1167 eo

130 1205 256 1286 magis,
273 1204 378 1288 quod,
393 1205 549 1288 quamvis
563 1205 598 1268 in
612 1204 846 1268 communibus
861 1202 1053 1285 reipublicae
1068 1204 1166 1268 bonis
1182 1223 1238 1269 ne·

130 1324 232 1372 cessa
247 1312 312 1383 est,
328 1325 406 1390 quae
419 1307 578 1390 propria⁰
593 1304 694 1369 nobis
710 1313 800 1382 sunt,
815 1304 960 1368 maxima
975 1305 1146 1387 gratulari.

177 1407 269 1472 Car.
292 1423 343 1472 vr.
382 1409 413 1470 l.
437 1405 557 1471 Statim
581 1407 698 1490 itaque
724 1405 857 1471 Gallias
881 1411 969 1484 tuas,
993 1405 1121 1483 Caesar,
1149 1408 1238 1473 veni-

131 1508 225 1574 endo
247 1507 383 1575 fecisti.p
424 1509 600 1597 Siquidem
622 1509 682 1574 illa
703 1509 867 1585 celeritas,
889 1527 957 1590 qua
977 1527 1090 1573 omnes
1113 1518 1239 1590 motus,

597 1673 686 1694 ΙΙΙΝΙ
689 1674 761 1695 ΝΙΟΟ
764 1674 778 1691 Ι

131 1785 198 1835 Vet.
209 1787 322 1836 Puteau.
332 1788 433 1837 Berlin.
444 1788 516 1838 etiam
524 1789 634 1853 proximo
641 1806 651 1848 ,·
669 1788 801 1838 Acidaliae
809 1787 877 1851 conj.
885 1803 934 1838 rua
942 1789 1050 1850 proximu
1059 1791 1179 1842 illurrtluo
1187 1806 1239 1840 cor·

125 1865 228 1964 &lib
236 1855 437 1975 uitulum·
453 1855 887 1969 i⁰5¹tlltltl⁰⁰3lttttlt
905 1854 1239 1970 lliutss‘ti'l'ltli‘

131 1979 241 2040 braum
260 1981 328 2031 uude
336 1934 512 2047 ’Jaegeapconj.
523 1984 669 2034 celebranda.
703 1984 838 2034 Acidaliua
847 1953 916 2046 eorij.
927 1956 1078 2045 temporibus,
1089 1991 1113 2034 et
1123 1937 1182 2050 (pDr'i
1192 1986 1238 2034 im·

131 2044 266 2094 ramniu!
276 2048 450 2112 eulampio)
461 2049 528 2111 iprrb,
538 2049 588 2112 qai,
600 2051 640 2111 bc.
665 2049 733 2098 Edd·
742 2057 803 2098 ante
813 2049 923 2098 (irruet
933 2049 1049 2110 iuria-l
1062 2050 1175 2115 Guelplr·
1185 2065 1238 2113 qrroe

130 2111 207 2158 dictu.
240 2111 325 2160 Paulo
337 2121 406 2176 port,
414 2128 460 2175 pro
471 2117 532 2176 quod
540 2114 658 2176 mamete,
670 2114 795 2164 Arntren.
806 2121 880 2176 pater
888 2113 957 2176 conj.
968 2129 1013 2176 quo
1024 2118 1139 2178 quomru-
1164 2117 1238 2178 Mox,

131 2175 193 2250 eddt
205 2183 272 2224 vett.
282 2192 335 2240 qua
346 2180 447 2240 prloror
465 2180 524 2226 Vet.
536 2179 648 2227 Puteau.
656 2180 769 2243 Guelrrlr.
778 2179 948 2229 Sclrwaraian.
960 2193 1012 2241 que
1021 2181 1136 2244 proprior
1152 2180 1237 2230 Lirin.

131 2253 204 2301 eous.
221 2255 273 2303 quoe
284 2244 410 2306 propriore
418 2259 428 2301 ,·
446 2243 484 2293 ita
494 2242 567 2292 malit
578 2244 660 2294 Banu.
674 2253 701 2293 et
710 2245 792 2294 edidit
804 2245 919 2293 Patarol.
939 2245 1105 2296 marimauut
1117 2245 1240 2309 grauari

128 2304 249 2367 Guelplr.
260 2307 329 2355 uude
342 2306 465 2357 Amrzen.
477 2308 666 2371 auspicabatur,
677 2311 781 2360 maxime
790 2311 879 2358 settim
889 2309 1021 2370 gratulari.

165 2369 237 2418 Cae.
251 2383 291 2419 vr.
325 2375 348 2421 l.
361 2373 370 2402 ⁴
383 2372 604 2434 Venieudoor'rieti]
618 2376 659 2423 Sic
672 2375 751 2438 cusp.
761 2375 853 2438 Stepb.
866 2375 952 2424 Lirin.
964 2382 991 2423 et
1003 2389 1060 2424 cum
1073 2373 1238 2425 Gunutoeu.

130 2432 230 2482 Verum
250 2443 323 2484 reeta
336 2435 468 2486 Livineius
489 2454 522 2487 ex
540 2440 689 2502 apographo
710 2440 870 2490 Bertinienai
890 2447 979 2488 tuetur
997 2438 1098 2501 secbtir
1115 2440 1184 2504 quod
1204 2441 1238 2489 ad

131 2503 187 2549 tur
195 2499 370 2552 referendum.
404 2504 464 2552 Non
475 2505 544 2554 eninr
556 2505 698 2564 vincenda,
713 2506 809 2571 inquit,
826 2513 902 2555 eraut
914 2504 1020 2568 Gallie,
1031 2505 1077 2555 red
1090 2504 1237 2556 atterenda

630 2667 740 2720 NOTlE

162 2761 665 2828 *Rumucurpmfflldteataturlda-
705 2765 806 2822 tannia,
828 2765 987 2830 delevitque.
1021 2764 1053 2815 Id
1077 2778 1125 2827 per
1147 2762 1237 2814 Ascle·

131 2838 193 2889 tint.
228 2839 309 2903 Carpi
321 2848 407 2890 autern
419 2843 507 2905 populi
519 2843 665 2893 erautSar·
705 2842 840 2907 piodotour
861 2843 918 2906 ejus
937 2842 1063 2905 praetorio
1082 2839 1236 2903 praefectum

131 2915 219 2965 matiae
239 2915 375 2979 Europae
394 2930 445 2967 non
464 2918 556 2982 procul
574 2933 590 2968 a
607 2919 665 2968 Via·
705 2920 850 2982 praeatituur
874 2925 931 2967 eat:
960 2916 1119 2981 praeeipuam
1147 2923 1236 2965 tamen

132 2990 194 3040 tola.
704 2995 781 3059 hujus
799 2993 864 3044 faeti
881 2993 987 3057 gloriam
999 2991 1138 3040 Eumenius
1150 2990 1175 3040 ei
1189 2991 1236 3039 tri·

162 3065 334 3118 'Rumotur
357 3069 461 3133 nuntiis]
489 3071 554 3120 Tum
577 3073 664 3122 Maxi·
705 3067 1236 3134 buitinalioPanegyrieo,quiaidtotum

132 3143 232 3192 miano·
244 3145 378 3207 pugnabat
394 3146 419 3194 in
430 3146 589 3213 Mauritania
601 3163 664 3198 con·
705 3149 763 3210 ejua
774 3147 854 3197 ductu
864 3146 1014 3210 etaurpicio
1024 3142 1172 3195 confectum
1181 3143 1237 3193 fue·

132 3225 171 3268 tra
188 3209 440 3285 Quinquegeutanaa
458 3230 560 3285 gentes,
571 3239 664 3290 expeo·
705 3232 756 3274 rat.

131 3295 307 3361 labunturque
340 3296 373 3346 de
406 3298 557 3348 Maurorum
591 3302 664 3351 clade
737 3301 826 3357 ⁰Quoe
841 3298 938 3363 propria
956 3297 1019 3360 [que
1034 3295 1128 3360 priora]
1145 3294 1237 3344 Malim

131 3371 226 3422 nuntii.
554 3389 555 3392 ¹
705 3392 756 3440 quoe
764 3377 886 3440 propiora,
898 3382 927 3423 ut
938 3373 1087 3436 nuptcamr
1097 3371 1239 3421 Livineiur.

159 3453 179 3481 ¹¹
199 3448 236 3498 Ut
249 3445 319 3511 inab]
337 3448 368 3498 ld
386 3451 504 3514 oebaliis
521 3451 546 3500 id
559 3451 662 3518 quidem
705 3455 802 3503 Senrur
821 3462 876 3502 eat:
894 3451 1009 3514 Oportet
1030 3449 1136 3514 quidem
1159 3455 1187 3496 ut
1202 3447 1237 3499 de

131 3523 273 3575 celebrabo
291 3525 458 3588 temporibus,
470 3535 498 3576 ut
515 3528 540 3576 ld
559 3528 604 3578 dat
621 3529 664 3592 iia,
704 3528 880 3580 communibus
893 3529 959 3590 reip.
977 3525 1051 3575 bouie
1069 3524 1236 3587 gaudeamut,

131 3599 663 3668 aqntbmtaeegerramnr,pratentibus.
705 3618 882 3657 verumtamen
902 3621 949 3670 par
965 3613 1005 3655 ert
1024 3614 1053 3654 ut
1067 3606 1177 3669 primum
1195 3620 1237 3670 ea,

131 3678 227 3729 Melina
240 3685 327 3728 tamen
338 3677 501 3745 ulterioris,
511 3683 594 3741 idest,
605 3686 662 3735 aliia
704 3700 760 3748 quae
773 3700 819 3732 noa
835 3684 941 3747 propius
959 3683 1126 3746 contingunt,
1144 3682 1170 3731 id
1186 3691 1236 3748 ert,

132 3754 271 3805 celebrabo
288 3757 459 3819 temporibur,
475 3764 499 3807 et
516 3761 610 3822 quidem
626 3762 662 3824 ip·
703 3769 787 3810 utnoa
800 3761 868 3809 Galli
888 3761 1040 3809 Batavicam
1059 3767 1086 3809 et
1105 3759 1236 3808 Britanni·

132 3827 169 3894 tir,
179 3835 224 3896 bc.
258 3832 347 3884 Quare
358 3833 663 3901 observaurocreuano,
703 3851 759 3886 carn
778 3836 910 3885 victoriam
926 3836 1096 3892 celebremur,
1111 3851 1162 3899 qna
1172 3835 1236 3884 Gal·

133 3905 293 3956 Maximiano
304 3906 390 3972 Auge.
401 3917 429 3959 et
440 3911 547 3973 Galerio
559 3914 662 3963 casura
702 3913 744 3962 lia
753 3911 943 3962 inbarbarorum
955 3911 1146 3974 inprimisquea
1156 3911 1235 3960 Fran·

134 3981 292 4042 abuentibus,
313 3985 380 4035 bauo
399 3988 543 4038 orationem
566 3989 661 4040 dictam
702 4005 790 4039 eorum
803 3988 993 4039 incursionibus
1004 3987 1122 4037 liberatae
1136 3995 1206 4037 aunt.
1280 4018 1282 4023 ν

134 4071 195 4109 ωε·
659 4121 662 4124 ⁴
733 4062 1235 4128 1>litor,C.r.seeirlt']l'ropulritinde

161 4141 175 4170 ¹
189 4135 283 4191 Dm,
300 4138 504 4202 macerantem]
528 4143 588 4193 Nou
607 4145 662 4208 ipra
704 4143 819 4194 barbaria
829 4143 865 4193 ibi
878 4141 1067 4207 grauantibur.

136 4208 299 4260 Constantina
322 4212 454 4264 Allectuur
478 4217 540 4269 vicit
559 4219 584 4268 iu
603 4221 661 4269 Bri-

195 4291 320 4355 Delpltet
335 4293 465 4376 Vua-Cloe.
602 4301 697 4364 Paueg.
711 4300 767 4351 Vel.
1103 4303 1119 4349 4
1138 4301 1168 4350 Μ
