2730 4726
443 322 725 374 renueremus.
764 322 841 371 xrn
857 311 912 372 40.
959 321 962 329 ·
1137 309 1231 373 1611.

129 472 321 539 talaribus*
334 469 462 554 pedites
472 476 587 535 vectos
599 489 639 535 ac
652 488 838 553 suspensos
848 467 954 532 tuisse
967 487 975 533 :
997 487 1105 553 neque
1115 471 1223 535 euim*

127 576 211 661 quia
226 592 263 638 se
278 573 394 638 divina
407 574 605 638 mortalibus
627 572 845 655 dedignantur
866 571 973 650 fateri,
991 570 1131 650 idcirco,
1146 593 1224 657 quae

128 681 207 747 visa
220 698 286 742 non
299 676 431 753 fuerint,
456 677 684 741 dubitavimus
703 676 807 754 facta,
832 694 910 739 cum
932 673 1026 740 iacta
1039 674 1225 752 rideamus,

129 800 207 870 quae
223 781 487 846 dubitaverimus
503 800 579 844 esse
592 780 759 845 facienda.
1114 802 1116 804 ’

132 917 134 922 ’
174 885 263 951 Cae.
279 900 344 948 xa.
367 883 399 947 1.
413 883 564 966 Anguste
580 885 749 949 fortunam
766 890 869 958 tuam,
886 881 1084 966 Imperator,
1099 901 1227 966 expen-

130 990 208 1068 dit,t
222 989 377 1073 quisquis
391 987 426 1051 id
442 988 533 1054 dete
549 995 687 1065 tautum,
703 987 795 1071 quod
813 986 880 1050 fieri
897 994 1019 1071 potest,
1035 985 1149 1051 credit.
1172 985 1228 1051 Au
1305 1027 1310 1036 ·

129 1110 207 1176 ego,
223 1110 298 1156 cum
310 1092 354 1155 ab
366 1089 515 1174 Alpibus
526 1090 548 1154 J
551 1091 627 1155 aliis
639 1091 748 1155 otioso
761 1091 957 1173 feriatoquet
966 1091 1053 1153 ferro
1063 1108 1127 1152 non
1139 1107 1226 1172 prae-

127 1196 212 1260 lium
228 1193 334 1257 fnisse
347 1192 491 1270 videam,
504 1192 564 1256 sed
580 1192 794 1276 triumphum,
811 1194 1033 1257 dubitaverim
1048 1192 1137 1256 iliam
1149 1211 1226 1275 spe·

130 1299 250 1362 etalem
261 1296 429 1381 quandam
440 1296 611 1361 felicitatis
621 1304 690 1360 tuae
700 1297 830 1361 dixisse
840 1297 990 1360 militiam
1000 1296 1029 1359 i'
1049 1295 1082 1359 2.
1094 1295 1227 1360 Scimus

130 1400 281 1485 quidem,
298 1389 495 1483 Imperator,
510 1400 559 1463 ita
569 1407 603 1464 te
619 1406 740 1463 cuncta
751 1399 1014 1477 administrasse,
1029 1405 1063 1463 ut
1075 1419 1138 1462 non
1151 1419 1227 1483 pos·

131 1504 202 1568 sint
222 1523 258 1567 se
277 1505 338 1568 tibi
356 1503 525 1585 imputare
541 1523 718 1567 successus
732 1515 753 1584 ς’
774 1502 833 1568 sed
856 1503 990 1567 fatearis
1013 1519 1152 1566 necesse
1166 1514 1228 1582 est,

131 1613 292 1690 quantum
308 1615 342 1670 te
356 1608 389 1669 iu
400 1606 500 1684 bello,
513 1613 639 1672 tautum
653 1606 820 1671 fortunam
832 1613 924 1670 tuam
939 1606 1049 1688 egisse
1063 1610 1143 1688 post
1157 1605 1230 1669 bel·

130 1709 220 1774 lum:
243 1710 298 1774 cui
315 1710 345 1773 si
360 1728 476 1775 vocem
492 1711 612 1775 demus
626 1716 660 1775 et
669 1711 841 1795 judicem,¹
856 1728 966 1773 noune
982 1709 1115 1791 prolixe
1131 1729 1228 1773 suam

130 1813 337 1875 enumerabit
355 1829 504 1896 operam,
518 1818 563 1890 et,
584 1819 623 1878 nt
638 1814 813 1879 virtutibus
832 1813 900 1876 tuis
921 1813 1028 1876 multa
1048 1811 1228 1891 concedat,

131 1912 247 1998 aliqua
261 1915 327 1979 sibi
338 1915 522 1980 vindicabit
531 1916 562 1979 i⁰
584 1923 621 1981 et
635 1935 704 1994 cur,
720 1934 849 2000 quaeso,
865 1933 932 1979 nou
945 1914 1074 1993 demus,
1090 1921 1125 1979 ut
1136 1914 1229 1979 acci·

133 2016 268 2099 piamus
281 2017 456 2101 utriusque
470 2019 576 2102 partis
590 2024 746 2094 asserta?
758 2038 832 2082 cum
845 2017 899 2096 sit,
915 2034 991 2100 quae
1003 2015 1130 2093 vicerit,
1145 2017 1228 2079 tuat

130 2118 164 2183 8.
180 2117 295 2182 Audio
310 2119 556 2185 Carauantium*¹
575 2121 695 2200 dicere,
711 2126 721 2156 ‘
737 2122 860 2186 bellum
875 2127 971 2184 atrox
987 2120 1229 2202 periculosum·

132 2220 368 2305 quesuscepi3’
379 2240 562 2288 memorare
574 2223 1005 2297 Patientiam‚⁴immensnm
1015 2222 1087 2300 iter,
1097 2229 1228 2306 tempus

127 2325 212 2388 anui
235 2343 337 2407 grave
360 2342 492 2411 semper
514 2336 654 2400 armata,
676 2345 769 2413 saepe
785 2328 905 2414 jejuna
922 2327 1063 2393 toleravi
1076 2325 1095 2406 ;'
1117 2331 1228 2391 tenere

162 2518 178 2552 Ρ
196 2509 279 2559 Nimis
286 2525 357 2573 pares
368 2512 664 2570 detuoseiieitotvseotit.
729 2522 741 2557 t
759 2515 880 2566 cemento.

164 2580 177 2606 '
194 2573 307 2624 Fortunae
317 2579 384 2638 quasi
395 2577 440 2627 tibi
450 2578 579 2629 militantis
588 2578 732 2640 obsequium.

164 2646 175 2672 ⁸
195 2639 228 2689 Ut
239 2641 330 2690 msibm
340 2642 402 2692 adsit
412 2642 503 2693 debeas
630 2645 640 2676 ⁸
659 2643 723 2692 Etsi
730 2643 982 2708 promoveamjvsdiee
991 2643 1089 2694 diasvm.

593 2788 771 2810 OOOOOMOM

133 2883 201 2927 vett.
218 2878 402 2929 existimandum
422 2881 464 2930 sit.
499 2881 552 2931 Pro
567 2882 761 2936 dubitaverimus,
778 2881 840 2931 Vet.
858 2880 970 2930 Puteen.
986 2876 1066 2927 babet
1082 2875 1232 2935 dubitaturum

129 2942 191 3058 gad.
203 2943 378 3058 Shcbwarziau.
384 2945 542 2997 dubitabimus
548 2961 559 3005 ‚·
576 2955 603 2998 et
614 2951 652 2999 sic
663 2948 732 3012 conj.
743 2946 828 2996 Liriu.
840 2955 866 2996 et
878 2944 980 2995 Aridal.
995 2942 1155 2993 dubitavimus
1165 2943 1230 2992 Eue.

183 3022 214 3056 on
234 3023 274 3058 ou.

169 3074 235 3122 Car.
246 3086 289 3122 xn.
307 3077 320 3121 l
333 3073 469 3136 Augustum
480 3077 592 3141 Gueipb.
624 3077 697 3133 Mox,
709 3075 734 3123 in
746 3076 836 3125 eodem
849 3072 1022 3135 codice‚fevro
1031 3086 1078 3122 uos
1087 3070 1231 3136 pretia-b

134 3136 246 3200 Guelph.
258 3141 403 3188 enumerabit
414 3156 480 3189 suam
490 3158 590 3206 operum.
607 3143 679 3203 Mox,
689 3141 747 3191 edd.
762 3148 825 3190 vett.
836 3141 881 3190 sibi
890 3141 993 3203 utiquam
1002 3154 1013 3197 ,·
1030 3138 1106 3187 codd.
1117 3136 1232 3200 Gueipb.

130 3211 163 3251 -et
173 3203 340 3254 Scirwsraian.
356 3206 435 3268 utique
445 3207 501 3257 sibi.
535 3210 598 3260 Exc.
609 3206 753 3256 Scironbov.
766 3207 844 3270 partis
855 3211 961 3260 asserta,
976 3219 1029 3253 cum
1040 3205 1135 3267 sitque
1146 3203 1231 3252 uicerit

133 3272 194 3326 tuo;
211 3266 271 3316 edd.
284 3277 345 3319 vett.
360 3285 412 3318 uam
428 3272 487 3331 sint,
497 3275 671 3334 quoeviucevet,
682 3279 739 3330 tuo‚·
759 3271 815 3320 cod.
835 3268 929 3320 Scireff.
945 3285 997 3318 cum
1015 3268 1058 3331 sit,
1069 3284 1121 3332 que
1134 3267 1230 3330 vicerit,

135 3337 233 3382 tua.—·b
245 3333 358 3396 Gueipb.
369 3349 496 3385 memorare
505 3339 618 3400 patriam.
651 3337 753 3387 deidei.
764 3346 792 3386 et
803 3338 901 3385 Meurs.
910 3348 1000 3398 semper
1009 3348 1087 3393 orum,
1099 3332 1230 3396 eaepejejrs·

133 3397 196 3456 πίας
213 3399 272 3446 edd.
287 3410 351 3449 vett.
371 3402 448 3450 etiem
461 3400 572 3462 jeiuniat
592 3404 654 3452 Vet.
666 3404 778 3451 Puteen.
791 3401 892 3462 jejunum·
910 3401 1022 3463 Gueipb.
1036 3414 1126 3463 sempev
1136 3397 1231 3458 jejuno·

136 3465 188 3513 Pro
210 3469 298 3528 terrere,
321 3466 402 3517 Lirin.
425 3470 534 3533 corrigit
555 3469 664 3529 πόρπας
681 3467 782 3520 deidei.
806 3481 934 3524 recessere,
955 3467 997 3516 vel
1020 3467 1122 3516 tendere.
1156 3464 1230 3526 Μοκ,

631 3607 737 3658 NOTAE

166 3710 184 3736 ¹⁰
203 3701 339 3764 Talaribus]
356 3702 409 3752 Per
428 3703 520 3752 telaria
542 3704 664 3768 inteiligit
703 3719 762 3770 quae
774 3704 816 3753 vix
828 3702 883 3752 fieri
896 3716 970 3766 posse
983 3699 1144 3764 putabamus.

134 3779 275 3842 aias,quas
291 3781 315 3827 iu
333 3780 440 3843 pedibus
454 3780 566 3842 Pegasus
582 3780 662 3829 babu·
734 3780 853 3842 ⁰Atiqua
873 3780 919 3828 sibi
940 3776 1082 3838 vindicabit]
1112 3775 1231 3839 Respicit

135 3860 185 3908 isse
198 3855 301 3904 dicitur.
704 3859 734 3910 nd
746 3859 917 3908 iactrm'TniIii
930 3871 975 3920 pro
988 3855 1114 3905 Marcello
1125 3868 1182 3916 esp.
1193 3859 1218 3904 d.

167 3941 179 3966 ¹²
197 3934 279 3996 Neque
289 3931 364 3994 euim]
381 3932 482 3981 Etenim
500 3948 557 3983 com
575 3931 662 3983 divina
733 3945 746 3978 r>
765 3937 893 3998 Utriusque
902 3929 1089 3997 portieossevtu]
1105 3931 1171 3982 Qnoe
1182 3932 1230 3982 sibi

133 4010 283 4060 mortalibus
301 4010 381 4057 neniis
399 4023 427 4059 se
445 4008 598 4071 subducant,
616 4008 662 4059 du·
703 4027 754 4062 una
765 4026 875 4077 qrreque
892 4023 951 4073 pars
969 4008 1155 4059 uindicauerit:
1175 4008 1230 4061 sive

134 4087 219 4136 bitere
236 4099 287 4134 non
300 4084 423 4134 debemus
440 4085 501 4135 iliud
513 4088 662 4150 contigisse,
703 4089 770 4139 euim
788 4103 845 4152 qus
863 4085 985 4147 fortunae,
1002 4086 1057 4135 sive
1068 4099 1125 4150 quae
1139 4086 1231 4137 virtuti

134 4165 203 4228 quod
215 4164 297 4212 vienne
315 4176 366 4211 nun
383 4158 472 4224 fuerit,
488 4177 546 4212 cum
563 4162 662 4214 factum
703 4166 842 4222 tribuetur.
856 4170 961 4213 tuaest.

136 4241 277 4305 videemm,
295 4238 323 4290 id
337 4245 387 4304 est,
399 4239 496 4291 rictum
510 4241 662 4310 Maximum,
733 4241 849 4294 tAudio'
861 4235 1037 4303 combustioni]
1063 4237 1145 4320 Plena
1167 4238 1231 4292 artis
1247 4255 1249 4258 ’
