2730 4726
409 303 649 360 consummo
674 309 833 359 cessar.
872 307 906 356 r.
928 297 960 358 4.
1151 292 1262 365 1279,

134 496 138 503 ⁴
178 450 270 520 Cur.
287 469 338 520 lv.
383 453 413 518 1.
439 453 485 518 Et
500 472 596 533 eane,
617 458 737 538 praeter
760 473 856 518 usum
879 473 1064 538 curamque
1080 452 1239 539 reipublia

132 574 198 635 oue,
214 557 318 622 etiam
334 556 508 623 illuderis
524 565 559 620 et
575 555 734 622 Herculis
749 561 893 638 cognata
907 557 1069 640 majestas
1083 559 1118 622 in
1131 558 1156 624 J
1158 559 1238 624 ovio

132 659 374 742 Herculeoque
398 647 628 743 Principibus,
644 659 745 724 totius
772 657 898 736 mundi,
913 660 1167 744 coelestiumque
1188 680 1238 724 re·

131 780 206 826 rum
238 755 490 826 similitudinem
518 761 720 844 requirebat.
765 761 798 825 2.
830 759 968 845 Quippe
997 763 1064 826 isto
1093 762 1238 828 numinis

130 865 237 931 vestri
262 874 424 930 numero·
447 883 578 929 summa
599 865 710 929 omnia
733 864 893 942 nituntur,
916 872 951 928 ot
974 865 1150 947 gaudent;'
1173 866 1238 930 ele·

131 975 246 1032 menta
272 973 428 1052 quatuor,
444 973 478 1032 et
503 965 645 1032 totidem
671 968 747 1030 unni
773 968 878 1044 ricco,
893 972 927 1032 et
950 968 1043 1031 orbis
1067 967 1238 1051 quadrifa-

130 1066 236 1132 riumb
260 1068 387 1153 duplici
405 1070 572 1134 discretus
597 1087 738 1147 ocenn0‚
763 1080 799 1134 et
824 1089 959 1134 emenso
981 1076 1101 1154 quater
1126 1072 1239 1136 coelo‘

130 1170 240 1236 lustra
265 1167 451 1248 redeuntia,
477 1179 512 1236 et
534 1171 704 1256 quadrigae
724 1169 833 1248 solio,‘³
849 1180 883 1237 ct
899 1173 1031 1237 duobus
1047 1173 1125 1238 coeli
1139 1173 1238 1238 lumi-

128 1274 233 1337 nibus
250 1273 401 1358 udjuncti
418 1274 551 1358 Vesper
565 1283 599 1339 et
614 1274 776 1340 Lucifer:
818 1275 852 1339 3.
875 1273 944 1339 Sed
959 1294 1067 1358 noque
1083 1277 1136 1339 sol
1151 1278 1237 1359 ipsc,

130 1394 241 1460 noque
253 1384 377 1442 cuncta
392 1379 502 1444 sidere
517 1379 680 1443 humanas
696 1398 749 1443 res
770 1383 839 1442 tam
863 1382 1025 1461 perpetuo
1047 1378 1172 1442 lumine
1187 1366 1240 1442 inss

130 1485 277 1559 tuentur,
293 1499 393 1563 qnam
409 1502 472 1546 vos
496 1483 646 1559 tuemini,
671 1482 742 1565 qui,
759 1481 832 1545 sinc
855 1480 925 1545 ullo
947 1480 1017 1545 fere
1043 1481 1237 1546 discrimine

130 1580 261 1646 dierum
285 1601 327 1646 ac
349 1585 511 1663 noctium,
536 1585 712 1649 illustratis
735 1585 860 1658 orbem,
885 1583 1053 1667 salutique
1073 1584 1233 1665 gentium,

129 1702 198 1747 non
214 1684 268 1747 bis
284 1685 400 1763 modo,
416 1687 540 1769 quibus
555 1685 759 1750 immortales
785 1684 900 1749 vultus
919 1683 1022 1748 vestri
1036 1682 1159 1766 vigent,
1176 1684 1237 1749 sed

129 1787 238 1852 multo
254 1787 361 1870 magis
375 1788 445 1853 illis
459 1788 648 1855 divinarum
664 1786 823 1852 mentium
838 1791 1022 1852 vestrarum
1037 1786 1144 1852 oculis
1160 1807 1236 1871 pro-

595 1949 778 1971 noeoeane!

131 2067 136 2074 '
165 2065 236 2115 Cre.
248 2077 289 2116 rr.
313 2069 326 2116 1
344 2065 397 2117 Pro
409 2065 530 2129 majestas,
540 2066 655 2118 Patami.
667 2067 746 2118 babet
763 2073 875 2132 potestus.
909 2066 976 2116 Edd.
989 2074 1050 2115 ante
1063 2063 1140 2115 Grut.
1153 2064 1237 2127 mrim·

130 2131 263 2193 tredento,
275 2131 366 2181 omissa
384 2133 623 2196 praepositionum·
641 2134 705 2183 Vet-
717 2133 830 2184 Putean.
849 2134 910 2181 Ver.
928 2132 1012 2180 Lirin.
1025 2132 1126 2180 Bertin.
1137 2139 1163 2179 ot
1176 2133 1236 2182 edd.

130 2202 244 2245 recentt.
266 2197 378 2258 maiertus
393 2197 420 2246 in
432 2198 562 2248 Jecin-e
579 2197 647 2246 Edd.
667 2206 729 2248 ante
741 2198 821 2248 Grnr.
836 2199 894 2246 unni
912 2202 1032 2260 tempsrc5
1050 2196 1110 2245 Vet.
1123 2195 1237 2246 Purenn.
1272 2220 1275 2225 ·

129 2260 195 2311 Vet.
213 2260 297 2311 Lirin.
308 2261 410 2312 Bertin.
428 2263 535 2325 Cuspin.
553 2262 666 2328 Gnelpb.
680 2265 746 2314 Exc.
765 2263 908 2312 Scbonbov.
926 2270 954 2312 et
973 2261 1033 2310 edd.
1052 2268 1164 2311 recenti.
1180 2263 1237 2311 uani
1280 2287 1287 2294 -

128 2327 203 2376 cicer.
236 2325 291 2375 Pro
302 2330 326 2375 e't
337 2342 437 2389 emerso,
449 2328 516 2392 quod
528 2338 636 2378 serrant
648 2329 724 2377 codd.
737 2328 908 2377 Schwarzirn.
918 2335 945 2377 et
957 2327 1028 2376 Gud.
1040 2330 1094 2375 m.
1106 2341 1163 2376 cum
1176 2326 1236 2376 edd.

129 2390 250 2447 Rbencu.
271 2391 361 2455 Stepb.
379 2402 407 2442 et
425 2392 532 2455 Cuspio.
548 2400 572 2443 et
588 2408 691 2443 remenso
709 2395 804 2447 lenitur
826 2393 852 2441 in
873 2393 974 2441 Bertin.
987 2399 1013 2441 et
1027 2392 1156 2455 plerisque
1174 2391 1235 2441 edd.
1285 2421 1288 2426 -

129 2462 193 2506 aute
213 2453 339 2505 Arntzen.
372 2458 448 2518 Mox,
464 2456 564 2522 Vespere
575 2459 694 2507 Rhenan.
731 2457 984 2522 Verperoedd.rett.
1013 2456 1235 2521 VemerVet.Pu·

129 2521 202 2579 team
211 2518 278 2570 Exn.
289 2520 434 2571 Sc'lronirov.
445 2524 542 2587 aliique
553 2523 677 2574 codd—³
689 2523 737 2572 Sed
753 2537 828 2585 neque
839 2538 925 2572 aurore
942 2523 1055 2570 humanus
1069 2535 1108 2570 res
1121 2526 1170 2570 rm
1182 2537 1236 2585 per·

126 2586 545 2654 petmeidereirtueeterGuelpb.
580 2588 753 2652 Memnoniis
764 2587 1084 2639 modoineodemcodice.
1118 2588 1236 2650 Proque*-

627 2717 654 2768 N
657 2716 736 2768 01²AE

144 2817 175 2847 <⁸
193 2809 308 2862 Nemeo
327 2814 403 2864 nestri
424 2815 532 2879 nummo]
560 2815 664 2879 Nempe
738 2813 1039 2878 etimenroquctercceto]
1059 2810 1236 2864 Quadriennio

128 2887 303 2939 Diocletiano
329 2897 357 2941 et
384 2891 543 2942 Maximiano
576 2891 663 2956 Angg.
704 2898 800 2942 exerto
817 2891 939 2942 redibant
956 2891 1045 2951 tumre,
1056 2902 1136 2952 quiere
1153 2889 1236 2938 inem

129 2963 285 3015 &neuntio
297 2975 324 3017 et
335 2967 442 3018 Galerio
450 2967 613 3018 Cesaribus:
631 2982 663 3017 ex
704 2968 796 3033 quinto
807 2981 908 3032 qnoque
921 2981 988 3017 anuo
1000 2964 1209 3015 cetebrabantnr.

128 3055 181 3106 qno
200 3049 277 3106 patet
295 3043 363 3093 bunc
387 3044 577 3108 Panegyricum
600 3042 663 3092 nihii
736 3043 894 3106 doncurigae
902 3043 970 3106 rotie]
981 3042 1112 3107 Equorum
1122 3042 1182 3091 sotir
1191 3057 1236 3091 no·

129 3117 163 3167 ed
173 3117 372 3168 Constantinum
379 3120 567 3183 pertinere.cni
576 3126 662 3168 tameo
703 3120 838 3171 minavide
853 3119 921 3184 apud
932 3119 1053 3170 Ovidium
1064 3118 1235 3168 biennum.

128 3190 156 3241 tu
178 3194 310 3244 muntiis
335 3195 495 3246 editionibus
521 3195 662 3262 inscriptus
703 3197 830 3246 ‘Interea
852 3196 970 3244 volucres
987 3195 1088 3258 Pyroir,
1105 3195 1184 3255 Eous,
1208 3200 1236 3244 et

129 3276 178 3320 αϊ·
464 3297 470 3304 ·
607 3304 613 3315 ·
703 3276 807 3336 AEtbon,
823 3273 891 3324 sotis
903 3274 973 3337 eqni,
985 3278 1143 3336 quartusque
1158 3272 1235 3321 Pble·

129 3357 136 3373 ⁶
159 3344 267 3396 *orte
292 3342 478 3412 qesdrb‘ariem]
505 3349 538 3399 id
563 3354 614 3406 est,
636 3349 662 3398 in
703 3347 1235 3416 gombinnitibnsanrneFlammiferiaim*

127 3422 309 3482 Orientalem,
320 3423 530 3489 occidentalem,
545 3427 663 3490 Septem·
703 3425 795 3493 plent.'

127 3499 279 3563 vionstem,
295 3508 324 3551 et
335 3490 533 3552 meridionalem
546 3511 663 3567 partem
736 3513 747 3539 ⁰
767 3505 853 3567 Vesper
863 3507 887 3552 et
903 3499 1014 3563 Lucifer]
1033 3499 1073 3549 Ao
1092 3499 1195 3565 Vesper
1207 3508 1235 3552 et

127 3588 187 3626 m
203 3590 264 3628 curn
281 3578 403 3630 American
421 3580 521 3630 nonnisi
533 3587 595 3629 aute
607 3584 663 3629 1⁵⁰·
705 3578 811 3631 Lucifer
833 3580 891 3628 duae
914 3585 976 3626 sunt
998 3576 1101 3625 steilo?
1129 3578 1234 3628 minime

127 3666 211 3705 unos
221 3655 257 3703 eb
268 3654 392 3706 Amerino
406 3655 540 3721 Veapncio
558 3665 663 3720 reperta
704 3672 774 3707 vero.
808 3656 861 3706 Sed
879 3670 929 3705 una
941 3654 1083 3718 eademqne
1096 3655 1172 3704 stelle
1184 3661 1234 3715 ert,

128 3729 512 3786 siciddedirisionenostrain
523 3735 662 3798 Eurdpem,
704 3736 787 3799 inquit
804 3732 901 3782 Tullius
921 3732 953 3779 de
972 3731 1036 3780 Ner.
1056 3731 1136 3778 Deor.
1151 3743 1183 3778 rr.
1194 3735 1236 3779 54.

128 3804 229 3862 Artem,
242 3804 369 3867 Africam,
381 3816 408 3858 et
425 3808 574 3859 Amerinam
587 3811 661 3859 intui·
701 3813 773 3875 ‘qne
785 3808 911 3872 Φωσφόρος
922 3804 1235 3868 uraece‚mm>er1.nine
1316 3870 1320 3878 .

128 3881 383 3945 ugendumnonesi.
407 3887 660 3936 QundueroEume·
702 3888 808 3948 dicitnr,
841 3901 899 3936 cum
929 3882 1109 3945 antegreditur
1138 3881 1234 3941 solem3

128 3961 186 4010 nias
197 3959 274 4010 addit
284 3960 317 4009 de
333 3961 431 4025 duplici
449 3978 556 4020 oceano,
575 3972 661 4012 rutrum
703 3978 762 4012 cum
784 3962 952 4026 subsequitur
975 3964 1072 4018 autem,
1095 3956 1233 4019 Hesperum

128 4035 163 4085 ds
176 4050 278 4086 oneum
288 4035 421 4087 Orientali
440 4049 466 4088 et
484 4040 659 4096 (recidentur,
701 4041 733 4090 Id
749 4048 835 4089 autem
852 4054 867 4087 a
885 4039 1037 4102 Pythagora
1053 4032 1163 4098 primum
1178 4033 1233 4083 eni·

131 4124 161 4159 en
178 4112 211 4161 de
227 4118 326 4162 oceano
344 4121 371 4162 et
388 4117 451 4165 muri
464 4117 660 4168 Mediterrnneo
701 4117 865 4169 madueranm
877 4123 929 4166 est.

131 4189 311 4256 accipiendum
324 4191 384 4241 est?
