2730 4726
359 327 420 385 nug
435 307 662 376 ulunarrur
679 325 1005 381 cnunrrrumcuu.
1145 314 1231 382 1181

129 470 266 562 quadem
279 467 504 558 (Mamertini)
520 468 737 534 Genethliecur
749 469 942 536 Maximiani
952 472 1090 561 Augusti
1104 484 1133 539 et
1148 474 1229 541 Dio·

128 575 270 643 elationi.
312 574 451 641 Utinam
470 573 597 656 Pagina
615 575 716 639 simul
732 581 931 656 annotasset,
946 578 1004 642 ubi
1020 590 1232 648 asserventur

128 681 188 746 isti
208 679 359 756 codices,
374 678 409 741 in
424 677 546 761 quibus
561 676 696 742 titulum
710 677 799 742 hunc
813 677 863 742 ita
878 680 1038 762 scriptum
1053 681 1232 751 invenerit!

130 783 257 866 Neque
281 787 392 846 tamen
416 798 494 844 enm
519 780 696 864 improbo:
726 780 807 863 quia
830 781 1008 864 exipsius
1034 781 1231 867 Panegyrici

129 890 327 968 argumento
349 884 469 966 liquet,
484 881 612 947 dictum
634 902 711 947 esse
732 885 766 946 in
787 883 946 948 honorem
968 884 1090 965 gemini
1109 889 1230 953 natalis

129 989 211 1053 vitae
233 987 409 1071 utriusque
432 985 656 1068 Imperatoris,
674 985 879 1051 Diocletiani
899 992 933 1051 et
954 986 1174 1068 Maximiaui3
1198 996 1234 1055 et

130 1090 307 1174 utriusque
321 1089 443 1153 laudes
458 1087 574 1152 eadem
590 1088 742 1152 oratioue
756 1087 957 1173 praedicatas
974 1110 1061 1168 esse,
1077 1087 1232 1175 quamvis

129 1199 209 1256 tnnc
235 1191 469 1256 Diocletianus
491 1190 610 1253 absens
632 1197 732 1254 esset.
778 1190 943 1274 Equidem
960 1212 1080 1257 nomeu
1097 1193 1234 1259 Diocle-

131 1295 227 1372 tiani,
250 1301 409 1380 tanquam
431 1293 572 1358 senioris
596 1293 753 1375 Augusti,
774 1295 900 1358 nomini
923 1294 1124 1360 Maximiani
1148 1316 1232 1378 prae-

130 1397 326 1461 mittendum
342 1396 448 1461 fnisse
466 1394 638 1475 videatur3
661 1402 762 1479 putes
778 1401 897 1475 tamen,
912 1397 998 1462 forte
1011 1397 1157 1463 ordinem
1173 1399 1231 1463 bo·

130 1518 205 1561 rum
225 1500 394 1562 nominum
416 1498 493 1561 ideo
514 1499 685 1563 inversum
706 1499 887 1575 observari,
901 1502 984 1585 quia
1001 1500 1232 1566 Maximianus

132 1621 247 1667 coram
267 1601 408 1665 audierit
428 1600 686 1683 Panegyricum,
701 1622 842 1685 eumque
863 1603 1063 1689 descriptum
1086 1604 1231 1670 Mamer·
1314 1641 1320 1657 ι

132 1705 223 1770 tinus
247 1703 461 1768 Maximiano
483 1703 551 1787 ipsi
572 1702 743 1780 obtulerit,
758 1704 994 1789 dedicaritque.
1039 1706 1231 1793 Utcumque

131 1826 215 1873 vero
230 1812 293 1885 est,
307 1806 438 1871 interim
453 1807 622 1888 vulgatam
636 1806 892 1890 inscriptionem
906 1809 1044 1874 retinere
1059 1811 1174 1876 malui.

632 2057 702 2125 111.

159 2211 213 2289 „Ut
222 2234 300 2314 vero
309 2196 352 2277 eo
361 2212 496 2283 facilius
507 2212 745 2294 intelligamus,
756 2231 832 2298 quae
841 2212 874 2276 iu
883 2211 947 2277 hoc
957 2212 1165 2299 Panegyrico
1176 2236 1235 2283 oc·

133 2324 280 2395 currunt,
290 2335 403 2401 pauca
418 2315 572 2401 quaedam
583 2316 624 2379 de
633 2322 706 2381 ortu
719 2323 753 2382 et
764 2315 930 2398 ¹dignitate
945 2319 1122 2404 utriusque
1133 2320 1235 2404 hujus

133 2420 351 2504 Imperatoris
360 2439 405 2483 ex
416 2419 554 2484 historia
563 2427 763 2503 repetemus
787 2418 892 2484 Caius
901 2418 1063 2486 Aurelius
1072 2421 1233 2489 Valerius

134 2523 382 2600 Diocletianus,
398 2529 484 2586 teste
498 2521 637 2591 Victore
661 2521 696 2589 in
718 2520 887 2605 Epitome,
910 2523 1048 2588 natione
1071 2525 1235 2590 Dalmata

134 2625 211 2704 fuit,
227 2623 376 2691 Auuleni
396 2624 562 2689 senatoris
586 2624 756 2706 quondam
773 2623 960 2702 libertinus,
975 2633 1082 2690 matre
1110 2629 1235 2711 pariter

134 2735 238 2812 atque
253 2729 395 2813 oppido,
410 2728 467 2793 ubi
481 2731 583 2792 natus
597 2735 681 2805 erat,
696 2728 829 2791 nomine
843 2727 1005 2792 Dioclea:
1028 2728 1118 2793 unde
1140 2732 1234 2813 prius

134 2832 279 2898 Diocles
297 2830 498 2916 appellatus,
514 2830 689 2913 deinceps,
703 2831 764 2895 nbi
784 2831 874 2894 urbis
889 2829 1036 2895 Romani
1049 2834 1235 2915 potentiam

135 2934 240 3019 oepit,
266 2933 406 2999 Graium
432 2952 553 2997 nomen
577 2933 612 2997 in
633 2932 828 3001 Romanum
852 2951 978 2997 morem
1003 2934 1177 3013 convertit,
1198 2941 1236 3001 ut

136 3037 373 3104 Diocletianus
389 3037 525 3101 audiret.
556 3035 638 3114 Hic,
654 3036 744 3121 quod
762 3035 834 3119 jam
851 3035 894 3100 ad
909 3037 1050 3120 priorem
1061 3036 1234 3105 Mamerti-

134 3140 173 3205 ni
187 3140 434 3222 Panegyricum
451 3138 759 3220 animadvertimus,
775 3158 865 3204 anuo
877 3138 1000 3204 Christi
1016 3157 1236 3206 cccxxxiv.

136 3258 205 3308 xt'.
222 3241 302 3307 Kal.
318 3241 457 3307 Octobr.
471 3243 505 3308 h.
519 3264 549 3307 e.
569 3243 623 3307 die
642 3259 742 3306 xv11.
758 3243 978 3326 Septembris,
999 3261 1051 3321 ac,
1074 3245 1236 3323 referente

135 3345 275 3431 quidem
289 3345 456 3430 Eutropio
472 3363 530 3411 rx.
545 3348 598 3415 19.
623 3347 673 3416 ab,
685 3346 839 3409 exercitu
860 3345 902 3408 de
925 3343 1064 3409 Perside
1079 3346 1171 3412 victa
1185 3368 1236 3412 re·

136 3449 272 3528 denote,
281 3456 363 3533 post
372 3448 495 3514 Camm
504 3448 693 3532 Angustum
705 3449 857 3526 fulmine,
868 3454 901 3512 et
914 3446 1235 3516 NumerianumGae·

137 3572 244 3623 serem
259 3551 402 3630 insidiis,
418 3552 772 3636 amissoS‚1mperator
786 3551 1021 3616 consalutatus
1036 3560 1234 3637 creatusque
1297 3534 1304 3546 ⁸

135 3663 201 3729 est.
245 3655 303 3718 Sic
318 3653 434 3721 eodem
449 3672 546 3731 anno,
561 3660 594 3719 et
614 3654 748 3737 quidem
771 3669 844 3717 xil.
859 3653 940 3719 Kal.
957 3654 1135 3723 Decembr.
1155 3655 1188 3718 h.
1202 3675 1233 3720 e.

135 3758 192 3823 die
203 3773 272 3823 xx.
285 3757 502 3835 Novembris,
515 3757 759 3833 Diocletianus,
770 3761 808 3821 ut
821 3756 869 3822 M.
882 3754 1052 3821 Aurelium
1064 3755 1235 3834 Carinum,

137 3859 320 3938 Caesarem,
335 3860 440 3924 filium
457 3859 535 3925 Gari
547 3859 776 3944 Imperatoris,
791 3857 927 3924 fratrem
943 3858 1152 3935 Numeriani,
1170 3858 1243 3947 sibi

136 3963 380 4042 adversarium,
399 3963 534 4029 facilius
559 3964 770 4048 opprimeret,
791 3962 842 4027 M.
857 3961 1030 4027 Aurelium
1052 3959 1236 4028 Maximia-

137 4089 226 4148 unm,
241 4068 376 4136 natione
388 4067 592 4146 Pannonem,
606 4067 715 4152 patria
730 4067 952 4144 sirmiensem,
965 4062 1140 4129 Caesarem
1152 4084 1235 4136 uuu-
