<?xml version="1.0" encoding="UTF-8"?>
<!DOCTYPE html PUBLIC "-//W3C//DTD XHTML 1.0 Transitional//EN"
    "http://www.w3.org/TR/xhtml1/DTD/xhtml1-transitional.dtd">
<html xmlns="http://www.w3.org/1999/xhtml" xml:lang="en" lang="en">
 <head>
  <title>
</title>
<meta http-equiv="Content-Type" content="text/html;charset=utf-8" />
  <meta name='ocr-system' content='tesseract 3.04.00' />
  <meta name='ocr-capabilities' content='ocr_page ocr_carea ocr_par ocr_line ocrx_word'/>
</head>
<body>
  <div class='ocr_page' id='page_1' title='image "./panegyriciveter01baungoog_0391.png"; bbox 0 0 2730 4726; ppageno 0'>
   <div class='ocr_carea' id='block_1_1' title="bbox 129 324 909 397">
    <p class='ocr_par' dir='ltr' id='par_1_1' title="bbox 129 324 909 397">
     <span class='ocr_line' id='line_1_1' title="bbox 129 324 909 397; baseline -0.005 0"><span class='ocrx_word' id='word_1_1' title='bbox 129 324 218 397; x_wconf 80' lang='lat' dir='ltr'><strong>1th</strong></span> <span class='ocrx_word' id='word_1_2' title='bbox 447 340 613 393; x_wconf 76' lang='lat' dir='ltr'><strong>snserit</strong></span> <span class='ocrx_word' id='word_1_3' title='bbox 637 340 909 393; x_wconf 72' lang='lat' dir='ltr'><strong>sensorstutts</strong></span> 
     </span>
    </p>
   </div>
   <div class='ocr_carea' id='block_1_2' title="bbox 126 486 1236 1400">
    <p class='ocr_par' dir='ltr' id='par_1_2' title="bbox 126 486 1236 1289">
     <span class='ocr_line' id='line_1_2' title="bbox 129 486 1234 568; baseline -0.004 -10"><span class='ocrx_word' id='word_1_4' title='bbox 129 492 209 568; x_wconf 76' lang='lat' dir='ltr'><strong>citu,</strong></span> <span class='ocrx_word' id='word_1_5' title='bbox 235 497 272 554; x_wconf 81' lang='lat' dir='ltr'><strong>st</strong></span> <span class='ocrx_word' id='word_1_6' title='bbox 292 486 401 554; x_wconf 88' lang='lat' dir='ltr'><strong>libido</strong></span> <span class='ocrx_word' id='word_1_7' title='bbox 424 488 604 554; x_wconf 79' lang='lat' dir='ltr'><strong>constrictu</strong></span> <span class='ocrx_word' id='word_1_8' title='bbox 626 504 717 552; x_wconf 86' lang='lat' dir='ltr'><strong>nexu</strong></span> <span class='ocrx_word' id='word_1_9' title='bbox 736 487 844 553; x_wconf 85' lang='lat' dir='ltr'><strong>isrreo</strong></span> <span class='ocrx_word' id='word_1_10' title='bbox 858 490 1071 554; x_wconf 76' lang='lat' dir='ltr'><strong>tenebuntur.</strong></span> <span class='ocrx_word' id='word_1_11' title='bbox 1115 490 1152 553; x_wconf 76' lang='grc'><strong>4.</strong></span> <span class='ocrx_word' id='word_1_12' title='bbox 1174 489 1234 554; x_wconf 84' lang='lat' dir='ltr'><strong>Se·</strong></span> 
     </span>
     <span class='ocr_line' id='line_1_3' title="bbox 128 590 1233 678; baseline 0 -22"><span class='ocrx_word' id='word_1_13' title='bbox 128 593 293 678; x_wconf 83' lang='lat' dir='ltr'><strong>qnebstnr</strong></span> <span class='ocrx_word' id='word_1_14' title='bbox 306 591 395 655; x_wconf 86' lang='lat' dir='ltr'><strong>ltnno</strong></span> <span class='ocrx_word' id='word_1_15' title='bbox 409 590 606 654; x_wconf 80' lang='lat' dir='ltr'><strong>comitatum</strong></span> <span class='ocrx_word' id='word_1_16' title='bbox 621 608 720 654; x_wconf 89' lang='lat' dir='ltr'><strong>sunm</strong></span> <span class='ocrx_word' id='word_1_17' title='bbox 732 590 866 675; x_wconf 73' lang='lat' dir='ltr'><strong>tyrsum</strong></span> <span class='ocrx_word' id='word_1_18' title='bbox 875 599 889 628; x_wconf 77' lang='lat'>‘</span> <span class='ocrx_word' id='word_1_19' title='bbox 901 591 1012 675; x_wconf 88' lang='lat' dir='ltr'><strong>ipsius</strong></span> <span class='ocrx_word' id='word_1_20' title='bbox 1025 593 1233 656; x_wconf 79' lang='lat' dir='ltr'><strong>teterrimum</strong></span> 
     </span>
     <span class='ocr_line' id='line_1_4' title="bbox 128 691 1232 778; baseline 0.001 -19"><span class='ocrx_word' id='word_1_21' title='bbox 128 699 252 778; x_wconf 82' lang='lat' dir='ltr'><strong>oupnt3</strong></span> <span class='ocrx_word' id='word_1_22' title='bbox 275 713 328 771; x_wconf 86' lang='lat' dir='ltr'><strong>uc,</strong></span> <span class='ocrx_word' id='word_1_23' title='bbox 340 693 369 756; x_wconf 88' lang='lat' dir='ltr'><strong>si</strong></span> <span class='ocrx_word' id='word_1_24' title='bbox 384 710 454 775; x_wconf 82' lang='lat' dir='ltr'><strong>qus</strong></span> <span class='ocrx_word' id='word_1_25' title='bbox 467 691 686 757; x_wconf 73' lang='lat' dir='ltr'><strong>referentibus</strong></span> <span class='ocrx_word' id='word_1_26' title='bbox 704 692 791 757; x_wconf 86' lang='lat' dir='ltr'><strong>tides</strong></span> <span class='ocrx_word' id='word_1_27' title='bbox 805 700 870 772; x_wconf 79' lang='lat' dir='ltr'><strong>est,</strong></span> <span class='ocrx_word' id='word_1_28' title='bbox 884 695 1024 758; x_wconf 76' lang='lat' dir='ltr'><strong>suberat</strong></span> <span class='ocrx_word' id='word_1_29' title='bbox 1038 695 1154 760; x_wconf 83' lang='lat' dir='ltr'><strong>ndlmu</strong></span> <span class='ocrx_word' id='word_1_30' title='bbox 1169 711 1232 761; x_wconf 80' lang='lat' dir='ltr'><strong>sss-</strong></span> 
     </span>
     <span class='ocr_line' id='line_1_5' title="bbox 127 797 1233 882; baseline 0.002 -18"><span class='ocrx_word' id='word_1_31' title='bbox 127 799 224 877; x_wconf 81' lang='lat' dir='ltr'><strong>vitis,</strong></span> <span class='ocrx_word' id='word_1_32' title='bbox 248 806 285 864; x_wconf 87' lang='lat' dir='ltr'><strong>et</strong></span> <span class='ocrx_word' id='word_1_33' title='bbox 303 797 477 862; x_wconf 76' lang='lat' dir='ltr'><strong>horrendis</strong></span> <span class='ocrx_word' id='word_1_34' title='bbox 499 797 620 861; x_wconf 87' lang='lat' dir='ltr'><strong>frontis</strong></span> <span class='ocrx_word' id='word_1_35' title='bbox 647 798 757 861; x_wconf 83' lang='lat' dir='ltr'><strong>minas</strong></span> <span class='ocrx_word' id='word_1_36' title='bbox 780 813 874 863; x_wconf 88' lang='lat' dir='ltr'><strong>mors</strong></span> <span class='ocrx_word' id='word_1_37' title='bbox 896 799 974 882; x_wconf 77' lang='lat' dir='ltr'><strong>ipss</strong></span> <span class='ocrx_word' id='word_1_38' title='bbox 995 812 1064 864; x_wconf 89' lang='lat' dir='ltr'><strong>non</strong></span> <span class='ocrx_word' id='word_1_39' title='bbox 1094 801 1233 866; x_wconf 77' lang='lat' dir='ltr'><strong>vioornt.</strong></span> 
     </span>
     <span class='ocr_line' id='line_1_6' title="bbox 126 902 1235 983; baseline 0.001 -16"><span class='ocrx_word' id='word_1_40' title='bbox 126 902 400 967; x_wconf 62' lang='lat' dir='ltr'><strong>tractabantur</strong></span> <span class='ocrx_word' id='word_1_41' title='bbox 424 902 527 983; x_wconf 78' lang='lat' dir='ltr'><strong>vulgo</strong></span> <span class='ocrx_word' id='word_1_42' title='bbox 552 902 898 967; x_wconf 73' lang='lat' dir='ltr'><strong>contumeliosissimae</strong></span> <span class='ocrx_word' id='word_1_43' title='bbox 922 920 1037 967; x_wconf 82' lang='lat' dir='ltr'><strong>vooss.</strong></span> <span class='ocrx_word' id='word_1_44' title='bbox 1083 903 1178 968; x_wconf 84' lang='lat' dir='ltr'><strong>Nam</strong></span> <span class='ocrx_word' id='word_1_45' title='bbox 1202 911 1235 968; x_wconf 83' lang='lat' dir='ltr'><strong>ot</strong></span> 
     </span>
     <span class='ocr_line' id='line_1_7' title="bbox 126 1004 1234 1090; baseline 0.001 -21"><span class='ocrx_word' id='word_1_46' title='bbox 126 1005 285 1070; x_wconf 75' lang='lat' dir='ltr'><strong>ludibriis</strong></span> <span class='ocrx_word' id='word_1_47' title='bbox 300 1004 511 1087; x_wconf 72' lang='lat' dir='ltr'><strong>oppressoris</strong></span> <span class='ocrx_word' id='word_1_48' title='bbox 526 1005 580 1067; x_wconf 91' lang='lat' dir='ltr'><strong>sui</strong></span> <span class='ocrx_word' id='word_1_49' title='bbox 603 1005 775 1087; x_wconf 79' lang='lat' dir='ltr'><strong>auspicari</strong></span> <span class='ocrx_word' id='word_1_50' title='bbox 800 1006 990 1089; x_wconf 71' lang='lat' dir='ltr'><strong>libertatem</strong></span> <span class='ocrx_word' id='word_1_51' title='bbox 1009 1004 1172 1090; x_wconf 70' lang='lat' dir='ltr'><strong>juvabat,</strong></span> <span class='ocrx_word' id='word_1_52' title='bbox 1186 1015 1234 1085; x_wconf 83' lang='lat' dir='ltr'><strong>et,</strong></span> 
     </span>
     <span class='ocr_line' id='line_1_8' title="bbox 127 1106 1236 1189; baseline 0.003 -17"><span class='ocrx_word' id='word_1_53' title='bbox 127 1108 213 1172; x_wconf 83' lang='lat' dir='ltr'><strong>mita</strong></span> <span class='ocrx_word' id='word_1_54' title='bbox 237 1127 315 1171; x_wconf 90' lang='lat' dir='ltr'><strong>cum</strong></span> <span class='ocrx_word' id='word_1_55' title='bbox 339 1106 521 1189; x_wconf 81' lang='lat' dir='ltr'><strong>voluptate,</strong></span> <span class='ocrx_word' id='word_1_56' title='bbox 547 1113 728 1189; x_wconf 85' lang='lat' dir='ltr'><strong>conceptus</strong></span> <span class='ocrx_word' id='word_1_57' title='bbox 745 1126 765 1169; x_wconf 83' lang='lat' dir='ltr'><strong>s</strong></span> <span class='ocrx_word' id='word_1_58' title='bbox 783 1108 856 1172; x_wconf 79' lang='lat' dir='ltr'><strong>uita</strong></span> <span class='ocrx_word' id='word_1_59' title='bbox 879 1113 993 1185; x_wconf 86' lang='lat' dir='ltr'><strong>terror,</strong></span> <span class='ocrx_word' id='word_1_60' title='bbox 1015 1108 1236 1174; x_wconf 80' lang='lat' dir='ltr'><strong>insultatione</strong></span> 
     </span>
     <span class='ocr_line' id='line_1_9' title="bbox 127 1208 1000 1289; baseline -0.001 -15"><span class='ocrx_word' id='word_1_61' title='bbox 127 1211 297 1289; x_wconf 87' lang='lat' dir='ltr'><strong>interitus,</strong></span> <span class='ocrx_word' id='word_1_62' title='bbox 311 1208 551 1275; x_wconf 64' lang='lat' dir='ltr'><strong>obterebatur!</strong></span> <span class='ocrx_word' id='word_1_63' title='bbox 952 1246 957 1254; x_wconf 89' lang='lat'><strong>·</strong></span> <span class='ocrx_word' id='word_1_64' title='bbox 996 1214 1000 1219; x_wconf 87' lang='lat'>&#39;</span> 
     </span>
    </p>

    <p class='ocr_par' dir='ltr' id='par_1_3' title="bbox 170 1305 1234 1400">
     <span class='ocr_line' id='line_1_10' title="bbox 170 1305 1234 1400; baseline 0.001 -22"><span class='ocrx_word' id='word_1_65' title='bbox 170 1312 262 1379; x_wconf 75' lang='lat' dir='ltr'><strong>Cir.</strong></span> <span class='ocrx_word' id='word_1_66' title='bbox 280 1326 418 1377; x_wconf 83' lang='lat' dir='ltr'><strong>xxxrr.</strong></span> <span class='ocrx_word' id='word_1_67' title='bbox 462 1314 493 1375; x_wconf 90' lang='lat' dir='ltr'><strong>l.</strong></span> <span class='ocrx_word' id='word_1_68' title='bbox 516 1311 607 1390; x_wconf 84' lang='lat' dir='ltr'><strong>Quis</strong></span> <span class='ocrx_word' id='word_1_69' title='bbox 630 1311 822 1395; x_wconf 88' lang='lat' dir='ltr'><strong>triumphus</strong></span> <span class='ocrx_word' id='word_1_70' title='bbox 843 1305 1028 1377; x_wconf 74' lang='lat' dir='ltr'><strong>illustriori</strong></span> <span class='ocrx_word' id='word_1_71' title='bbox 1049 1329 1130 1397; x_wconf 73' lang='lat' dir='ltr'><strong>quur</strong></span> <span class='ocrx_word' id='word_1_72' title='bbox 1156 1326 1234 1400; x_wconf 80' lang='lat' dir='ltr'><strong>spe·¹</strong></span> 
     </span>
    </p>
   </div>
   <div class='ocr_carea' id='block_1_3' title="bbox 17 1413 1235 1507">
    <p class='ocr_par' dir='ltr' id='par_1_4' title="bbox 17 1413 1235 1507">
     <span class='ocr_line' id='line_1_11' title="bbox 17 1413 1235 1507; baseline -0.007 -22"><span class='ocrx_word' id='word_1_73' title='bbox 17 1496 21 1507; x_wconf 17' lang='lat' dir='ltr'><em>q</em></span> <span class='ocrx_word' id='word_1_74' title='bbox 127 1415 198 1482; x_wconf 84' lang='lat' dir='ltr'><strong>cies</strong></span> <span class='ocrx_word' id='word_1_75' title='bbox 224 1415 419 1500; x_wconf 80' lang='lat' dir='ltr'><strong>pulchriori</strong></span> <span class='ocrx_word' id='word_1_76' title='bbox 454 1433 533 1496; x_wconf 77' lang='lat' dir='ltr'><strong>quis</strong></span> <span class='ocrx_word' id='word_1_77' title='bbox 554 1426 682 1498; x_wconf 78' lang='lat' dir='ltr'><strong>pompa</strong></span> <span class='ocrx_word' id='word_1_78' title='bbox 701 1413 859 1478; x_wconf 79' lang='lat' dir='ltr'><strong>feliciori</strong></span> <span class='ocrx_word' id='word_1_79' title='bbox 903 1415 936 1480; x_wconf 78' lang='lat'><strong>2.</strong></span> <span class='ocrx_word' id='word_1_80' title='bbox 959 1415 1084 1480; x_wconf 86' lang='lat' dir='ltr'><strong>Dinnm</strong></span> <span class='ocrx_word' id='word_1_81' title='bbox 1107 1417 1235 1502; x_wconf 51' lang='lat' dir='ltr'><strong>linquis</strong></span> 
     </span>
    </p>
   </div>
   <div class='ocr_carea' id='block_1_4' title="bbox 126 1515 1236 2114">
    <p class='ocr_par' dir='ltr' id='par_1_5' title="bbox 126 1515 1236 2011">
     <span class='ocr_line' id='line_1_12' title="bbox 128 1515 1234 1602; baseline 0.003 -19"><span class='ocrx_word' id='word_1_82' title='bbox 128 1520 331 1602; x_wconf 76' lang='lat' dir='ltr'><strong>Imperator,</strong></span> <span class='ocrx_word' id='word_1_83' title='bbox 344 1536 414 1600; x_wconf 93' lang='lat' dir='ltr'><strong>quo</strong></span> <span class='ocrx_word' id='word_1_84' title='bbox 428 1534 498 1579; x_wconf 90' lang='lat' dir='ltr'><strong>nno</strong></span> <span class='ocrx_word' id='word_1_85' title='bbox 512 1517 597 1579; x_wconf 87' lang='lat' dir='ltr'><strong>sotis</strong></span> <span class='ocrx_word' id='word_1_86' title='bbox 606 1515 687 1580; x_wconf 88' lang='lat' dir='ltr'><strong>mihi</strong></span> <span class='ocrx_word' id='word_1_87' title='bbox 697 1515 813 1580; x_wconf 82' lang='lat' dir='ltr'><strong>videor</strong></span> <span class='ocrx_word' id='word_1_88' title='bbox 824 1516 971 1581; x_wconf 82' lang='lat' dir='ltr'><strong>divinum</strong></span> <span class='ocrx_word' id='word_1_89' title='bbox 983 1517 1126 1599; x_wconf 81' lang='lat' dir='ltr'><strong>glorium</strong></span> <span class='ocrx_word' id='word_1_90' title='bbox 1137 1528 1234 1586; x_wconf 86' lang='lat' dir='ltr'><strong>tuum</strong></span> 
     </span>
     <span class='ocr_line' id='line_1_13' title="bbox 127 1617 1233 1702; baseline 0.003 -19"><span class='ocrx_word' id='word_1_91' title='bbox 127 1618 389 1702; x_wconf 74' lang='lat' dir='ltr'><strong>significaturus.</strong></span> <span class='ocrx_word' id='word_1_92' title='bbox 434 1617 533 1696; x_wconf 84' lang='lat' dir='ltr'><strong>Quot</strong></span> <span class='ocrx_word' id='word_1_93' title='bbox 557 1619 592 1680; x_wconf 93' lang='lat' dir='ltr'><strong>iu</strong></span> <span class='ocrx_word' id='word_1_94' title='bbox 616 1619 676 1683; x_wconf 93' lang='lat' dir='ltr'><strong>illo</strong></span> <span class='ocrx_word' id='word_1_95' title='bbox 702 1617 946 1702; x_wconf 83' lang='lat' dir='ltr'><strong>turpitudinum</strong></span> <span class='ocrx_word' id='word_1_96' title='bbox 960 1625 1063 1684; x_wconf 84' lang='lat' dir='ltr'><strong>notus</strong></span> <span class='ocrx_word' id='word_1_97' title='bbox 1078 1623 1233 1686; x_wconf 55' lang='lat' dir='ltr'><strong>extinto*</strong></span> 
     </span>
     <span class='ocr_line' id='line_1_14' title="bbox 126 1718 1232 1798; baseline 0.002 -12"><span class='ocrx_word' id='word_1_98' title='bbox 126 1740 194 1798; x_wconf 79' lang='lat' dir='ltr'><strong>rus,</strong></span> <span class='ocrx_word' id='word_1_99' title='bbox 208 1727 260 1785; x_wconf 89' lang='lat' dir='ltr'><strong>tot</strong></span> <span class='ocrx_word' id='word_1_100' title='bbox 284 1719 320 1783; x_wconf 91' lang='lat' dir='ltr'><strong>iu</strong></span> <span class='ocrx_word' id='word_1_101' title='bbox 343 1727 376 1783; x_wconf 84' lang='lat' dir='ltr'><strong>te</strong></span> <span class='ocrx_word' id='word_1_102' title='bbox 399 1719 535 1783; x_wconf 83' lang='lat' dir='ltr'><strong>laudum</strong></span> <span class='ocrx_word' id='word_1_103' title='bbox 557 1718 674 1784; x_wconf 84' lang='lat' dir='ltr'><strong>infnlae</strong></span> <span class='ocrx_word' id='word_1_104' title='bbox 689 1720 903 1785; x_wconf 82' lang='lat' dir='ltr'><strong>refulserunt.</strong></span> <span class='ocrx_word' id='word_1_105' title='bbox 945 1721 979 1785; x_wconf 81' lang='lat'><strong>3.</strong></span> <span class='ocrx_word' id='word_1_106' title='bbox 1003 1721 1172 1788; x_wconf 81' lang='lat' dir='ltr'><strong>Frnnduti</strong></span> <span class='ocrx_word' id='word_1_107' title='bbox 1186 1725 1232 1788; x_wconf 76' lang='lat' dir='ltr'><strong>tn·</strong></span> 
     </span>
     <span class='ocr_line' id='line_1_15' title="bbox 126 1820 1234 1910; baseline 0.003 -22"><span class='ocrx_word' id='word_1_108' title='bbox 126 1822 398 1906; x_wconf 83' lang='lat' dir='ltr'><strong>dulgentissimus</strong></span> <span class='ocrx_word' id='word_1_109' title='bbox 426 1820 587 1907; x_wconf 79' lang='lat' dir='ltr'><strong>Prinorps</strong></span> <span class='ocrx_word' id='word_1_110' title='bbox 614 1841 657 1886; x_wconf 83' lang='lat' dir='ltr'><strong>ea</strong></span> <span class='ocrx_word' id='word_1_111' title='bbox 682 1823 792 1904; x_wconf 82' lang='lat' dir='ltr'><strong>grutiu</strong></span> <span class='ocrx_word' id='word_1_112' title='bbox 820 1823 986 1888; x_wconf 85' lang='lat' dir='ltr'><strong>nominem</strong></span> <span class='ocrx_word' id='word_1_113' title='bbox 1012 1824 1138 1902; x_wconf 78' lang='lat' dir='ltr'><strong>voluit,</strong></span> <span class='ocrx_word' id='word_1_114' title='bbox 1166 1840 1234 1910; x_wconf 80' lang='lat' dir='ltr'><strong>qno</strong></span> 
     </span>
     <span class='ocr_line' id='line_1_16' title="bbox 126 1921 1236 2011; baseline 0.005 -22"><span class='ocrx_word' id='word_1_115' title='bbox 126 1927 239 2000; x_wconf 87' lang='lat' dir='ltr'><strong>minus</strong></span> <span class='ocrx_word' id='word_1_116' title='bbox 262 1925 389 2003; x_wconf 84' lang='lat' dir='ltr'><strong>omnin,</strong></span> <span class='ocrx_word' id='word_1_117' title='bbox 415 1921 510 2010; x_wconf 74' lang='lat' dir='ltr'><strong>qno‘¹</strong></span> <span class='ocrx_word' id='word_1_118' title='bbox 532 1926 648 1990; x_wconf 89' lang='lat' dir='ltr'><strong>odium</strong></span> <span class='ocrx_word' id='word_1_119' title='bbox 673 1926 747 2011; x_wconf 80' lang='lat' dir='ltr'><strong>ejus</strong></span> <span class='ocrx_word' id='word_1_120' title='bbox 770 1933 979 2010; x_wconf 68' lang='lat' dir='ltr'><strong>pervaserint,</strong></span> <span class='ocrx_word' id='word_1_121' title='bbox 998 1931 1236 2010; x_wconf 79' lang='lat' dir='ltr'><strong>speoteottiutn</strong></span> 
     </span>
    </p>

    <p class='ocr_par' dir='ltr' id='par_1_6' title="bbox 126 2022 1233 2114">
     <span class='ocr_line' id='line_1_17' title="bbox 126 2022 1233 2114; baseline 0.003 -21"><span class='ocrx_word' id='word_1_122' title='bbox 126 2029 294 2114; x_wconf 75' lang='lat' dir='ltr'><strong>tyrannici</strong></span> <span class='ocrx_word' id='word_1_123' title='bbox 303 2028 431 2092; x_wconf 84' lang='lat' dir='ltr'><strong>innotis</strong></span> <span class='ocrx_word' id='word_1_124' title='bbox 444 2028 609 2111; x_wconf 76' lang='lat' dir='ltr'><strong>expiaret.</strong></span> <span class='ocrx_word' id='word_1_125' title='bbox 652 2029 684 2091; x_wconf 81' lang='lat' dir='ltr'><strong>l.</strong></span> <span class='ocrx_word' id='word_1_126' title='bbox 701 2022 838 2112; x_wconf 84' lang='lat' dir='ltr'><strong>Ubique</strong></span> <span class='ocrx_word' id='word_1_127' title='bbox 845 2027 918 2113; x_wconf 83' lang='lat' dir='ltr'><strong>jum</strong></span> <span class='ocrx_word' id='word_1_128' title='bbox 929 2030 1068 2114; x_wconf 77' lang='lat' dir='ltr'><strong>quidem</strong></span> <span class='ocrx_word' id='word_1_129' title='bbox 1079 2023 1233 2096; x_wconf 72' lang='lat' dir='ltr'><strong>iustitium</strong></span> 
     </span>
    </p>
   </div>
   <div class='ocr_carea' id='block_1_5' title="bbox 129 2171 1234 2316">
    <p class='ocr_par' dir='ltr' id='par_1_7' title="bbox 129 2171 1234 2316">
     <span class='ocr_line' id='line_1_18' title="bbox 129 2171 1234 2316; baseline 0.006 -64"><span class='ocrx_word' id='word_1_130' title='bbox 129 2200 223 2316; x_wconf 52' lang='lat' dir='ltr'><strong>vtio&amp;</strong></span> <span class='ocrx_word' id='word_1_131' title='bbox 240 2204 377 2254; x_wconf 59' lang='lat' dir='ltr'><strong>mentando</strong></span> <span class='ocrx_word' id='word_1_132' title='bbox 393 2219 480 2255; x_wconf 72' lang='lat' dir='ltr'><strong>sarm</strong></span> <span class='ocrx_word' id='word_1_133' title='bbox 498 2205 662 2268; x_wconf 70' lang='lat' dir='ltr'><strong>Maxentium,</strong></span> <span class='ocrx_word' id='word_1_134' title='bbox 683 2179 820 2258; x_wconf 68' lang='lat' dir='ltr'><strong>oitnetm</strong></span> <span class='ocrx_word' id='word_1_135' title='bbox 835 2212 936 2272; x_wconf 71' lang='lat' dir='ltr'><strong>nuru,</strong></span> <span class='ocrx_word' id='word_1_136' title='bbox 947 2221 1018 2273; x_wconf 75' lang='lat' dir='ltr'><strong>pren</strong></span> <span class='ocrx_word' id='word_1_137' title='bbox 1031 2171 1190 2273; x_wconf 65' lang='lat' dir='ltr'><strong>serapem</strong></span> <span class='ocrx_word' id='word_1_138' title='bbox 1208 2223 1234 2259; x_wconf 82' lang='lat' dir='ltr'><strong>ss</strong></span> 
     </span>
    </p>
   </div>
   <div class='ocr_carea' id='block_1_6' title="bbox 590 2349 773 2373">
    <p class='ocr_par' dir='ltr' id='par_1_8' title="bbox 590 2349 773 2373">
     <span class='ocr_line' id='line_1_19' title="bbox 590 2349 773 2373; baseline 0 -3"><span class='ocrx_word' id='word_1_139' title='bbox 590 2349 773 2373; x_wconf 66' lang='lat' dir='ltr'><strong>mommo</strong></span> 
     </span>
    </p>
   </div>
   <div class='ocr_carea' id='block_1_7' title="bbox 124 2456 1267 3312">
    <p class='ocr_par' dir='ltr' id='par_1_9' title="bbox 124 2456 1267 3312">
     <span class='ocr_line' id='line_1_20' title="bbox 126 2456 1233 2528; baseline 0.004 -13"><span class='ocrx_word' id='word_1_140' title='bbox 126 2463 212 2515; x_wconf 84' lang='lat' dir='ltr'><strong>Lirin.</strong></span> <span class='ocrx_word' id='word_1_141' title='bbox 223 2465 303 2514; x_wconf 85' lang='lat' dir='ltr'><strong>Grut.</strong></span> <span class='ocrx_word' id='word_1_142' title='bbox 313 2474 341 2514; x_wconf 83' lang='lat' dir='ltr'><strong>et</strong></span> <span class='ocrx_word' id='word_1_143' title='bbox 356 2473 467 2516; x_wconf 82' lang='lat' dir='ltr'><strong>reeentt.</strong></span> <span class='ocrx_word' id='word_1_144' title='bbox 478 2456 679 2527; x_wconf 76' lang='lat' dir='ltr'><strong>frendebant-5</strong></span> <span class='ocrx_word' id='word_1_145' title='bbox 696 2465 868 2528; x_wconf 76' lang='lat' dir='ltr'><strong>Inliaieianttrr</strong></span> <span class='ocrx_word' id='word_1_146' title='bbox 882 2466 944 2517; x_wconf 85' lang='lat' dir='ltr'><strong>edd.</strong></span> <span class='ocrx_word' id='word_1_147' title='bbox 961 2476 1049 2516; x_wconf 89' lang='lat' dir='ltr'><strong>ntttnes</strong></span> <span class='ocrx_word' id='word_1_148' title='bbox 1061 2474 1125 2517; x_wconf 80' lang='lat' dir='ltr'><strong>unte</strong></span> <span class='ocrx_word' id='word_1_149' title='bbox 1144 2468 1233 2520; x_wconf 76' lang='lat' dir='ltr'><strong>drnts.</strong></span> 
     </span>
     <span class='ocr_line' id='line_1_21' title="bbox 127 2530 1233 2596; baseline 0.004 -16"><span class='ocrx_word' id='word_1_150' title='bbox 127 2530 285 2580; x_wconf 78' lang='lat' dir='ltr'><strong>Jseiebnntsr</strong></span> <span class='ocrx_word' id='word_1_151' title='bbox 295 2533 356 2580; x_wconf 90' lang='lat' dir='ltr'><strong>Vet.</strong></span> <span class='ocrx_word' id='word_1_152' title='bbox 368 2533 480 2582; x_wconf 88' lang='lat' dir='ltr'><strong>Putesn.</strong></span> <span class='ocrx_word' id='word_1_153' title='bbox 494 2533 552 2582; x_wconf 81' lang='lat' dir='ltr'><strong>vet.</strong></span> <span class='ocrx_word' id='word_1_154' title='bbox 565 2533 648 2584; x_wconf 84' lang='lat' dir='ltr'><strong>Lirin.</strong></span> <span class='ocrx_word' id='word_1_155' title='bbox 660 2535 763 2582; x_wconf 86' lang='lat' dir='ltr'><strong>Bertin.</strong></span> <span class='ocrx_word' id='word_1_156' title='bbox 780 2533 869 2582; x_wconf 85' lang='lat' dir='ltr'><strong>Moerl.</strong></span> <span class='ocrx_word' id='word_1_157' title='bbox 886 2541 914 2581; x_wconf 89' lang='lat' dir='ltr'><strong>et</strong></span> <span class='ocrx_word' id='word_1_158' title='bbox 932 2532 1044 2596; x_wconf 84' lang='lat' dir='ltr'><strong>Guelplr.</strong></span> <span class='ocrx_word' id='word_1_159' title='bbox 1080 2534 1156 2589; x_wconf 83' lang='lat' dir='ltr'><strong>Mox,</strong></span> <span class='ocrx_word' id='word_1_160' title='bbox 1170 2536 1233 2584; x_wconf 79' lang='lat' dir='ltr'><strong>Nasu</strong></span> 
     </span>
     <span class='ocr_line' id='line_1_22' title="bbox 127 2596 1234 2662; baseline 0.005 -17"><span class='ocrx_word' id='word_1_161' title='bbox 127 2601 151 2645; x_wconf 80' lang='lat' dir='ltr'><strong>et</strong></span> <span class='ocrx_word' id='word_1_162' title='bbox 162 2596 271 2646; x_wconf 66' lang='lat' dir='ltr'><strong>luridus</strong></span> <span class='ocrx_word' id='word_1_163' title='bbox 282 2612 304 2645; x_wconf 84' lang='lat' dir='ltr'><strong>o.</strong></span> <span class='ocrx_word' id='word_1_164' title='bbox 315 2612 371 2646; x_wconf 80' lang='lat' dir='ltr'><strong>na.</strong></span> <span class='ocrx_word' id='word_1_165' title='bbox 382 2597 483 2658; x_wconf 83' lang='lat' dir='ltr'><strong>t.jtrsut</strong></span> <span class='ocrx_word' id='word_1_166' title='bbox 495 2598 609 2661; x_wconf 84' lang='lat' dir='ltr'><strong>Guelpit.</strong></span> <span class='ocrx_word' id='word_1_167' title='bbox 626 2599 764 2648; x_wconf 79' lang='lat' dir='ltr'><strong>‘Rhenum</strong></span> <span class='ocrx_word' id='word_1_168' title='bbox 775 2598 867 2660; x_wconf 86' lang='lat' dir='ltr'><strong>Steph.</strong></span> <span class='ocrx_word' id='word_1_169' title='bbox 877 2606 1012 2662; x_wconf 82' lang='lat' dir='ltr'><strong>corrupte,</strong></span> <span class='ocrx_word' id='word_1_170' title='bbox 1029 2603 1053 2647; x_wconf 86' lang='lat' dir='ltr'><strong>et</strong></span> <span class='ocrx_word' id='word_1_171' title='bbox 1070 2599 1135 2648; x_wconf 82' lang='lat' dir='ltr'><strong>rttt&#39;rs</strong></span> <span class='ocrx_word' id='word_1_172' title='bbox 1153 2602 1234 2650; x_wconf 67' lang='lat' dir='ltr'><strong>ultor</strong></span> 
     </span>
     <span class='ocr_line' id='line_1_23' title="bbox 127 2663 1232 2727; baseline 0.005 -18"><span class='ocrx_word' id='word_1_173' title='bbox 127 2666 179 2711; x_wconf 78' lang='lat' dir='ltr'><strong>tate</strong></span> <span class='ocrx_word' id='word_1_174' title='bbox 188 2668 311 2725; x_wconf 63' lang='lat' dir='ltr'><strong>enormius</strong></span> <span class='ocrx_word' id='word_1_175' title='bbox 321 2677 334 2711; x_wconf 89' lang='lat' dir='ltr'><strong>e</strong></span> <span class='ocrx_word' id='word_1_176' title='bbox 347 2663 398 2712; x_wconf 82' lang='lat' dir='ltr'><strong>vita</strong></span> <span class='ocrx_word' id='word_1_177' title='bbox 410 2665 508 2712; x_wconf 83' lang='lat' dir='ltr'><strong>terroris</strong></span> <span class='ocrx_word' id='word_1_178' title='bbox 518 2665 672 2714; x_wconf 76' lang='lat' dir='ltr'><strong>insultatione</strong></span> <span class='ocrx_word' id='word_1_179' title='bbox 681 2664 808 2714; x_wconf 79' lang='lat' dir='ltr'><strong>interritus</strong></span> <span class='ocrx_word' id='word_1_180' title='bbox 818 2663 976 2713; x_wconf 78' lang='lat' dir='ltr'><strong>obterebatur.</strong></span> <span class='ocrx_word' id='word_1_181' title='bbox 1010 2663 1143 2727; x_wconf 78' lang='lat' dir='ltr'><strong>corrupte</strong></span> <span class='ocrx_word' id='word_1_182' title='bbox 1155 2667 1232 2714; x_wconf 74' lang='lat' dir='ltr'><strong>stiunt</strong></span> 
     </span>
     <span class='ocr_line' id='line_1_24' title="bbox 127 2725 1234 2793; baseline 0.005 -19"><span class='ocrx_word' id='word_1_183' title='bbox 127 2725 199 2779; x_wconf 77' lang='lat' dir='ltr'><strong>(lud.</strong></span> <span class='ocrx_word' id='word_1_184' title='bbox 214 2733 360 2790; x_wconf 66' lang='lat' dir='ltr'><strong>indemptus</strong></span> <span class='ocrx_word' id='word_1_185' title='bbox 371 2729 447 2778; x_wconf 64' lang='lat' dir='ltr'><strong>eruta</strong></span> <span class='ocrx_word' id='word_1_186' title='bbox 463 2730 571 2778; x_wconf 78' lang='lat' dir='ltr'><strong>terroris.</strong></span> <span class='ocrx_word' id='word_1_187' title='bbox 605 2731 687 2779; x_wconf 74' lang='lat' dir='ltr'><strong>tinen.</strong></span> <span class='ocrx_word' id='word_1_188' title='bbox 698 2733 722 2778; x_wconf 91' lang='lat' dir='ltr'><strong>iu</strong></span> <span class='ocrx_word' id='word_1_189' title='bbox 734 2730 849 2793; x_wconf 74' lang='lat' dir='ltr'><strong>margine</strong></span> <span class='ocrx_word' id='word_1_190' title='bbox 860 2734 977 2783; x_wconf 79' lang='lat' dir='ltr'><strong>annotet,</strong></span> <span class='ocrx_word' id='word_1_191' title='bbox 989 2727 1126 2792; x_wconf 77' lang='lat' dir='ltr'><strong>legendum</strong></span> <span class='ocrx_word' id='word_1_192' title='bbox 1138 2731 1234 2791; x_wconf 78' lang='lat' dir='ltr'><strong>videri,</strong></span> 
     </span>
     <span class='ocr_line' id='line_1_25' title="bbox 126 2793 1233 2858; baseline 0.005 -18"><span class='ocrx_word' id='word_1_193' title='bbox 126 2793 190 2840; x_wconf 78' lang='lat' dir='ltr'><strong>stim</strong></span> <span class='ocrx_word' id='word_1_194' title='bbox 200 2793 320 2856; x_wconf 80' lang='lat' dir='ltr'><strong>uoluptate</strong></span> <span class='ocrx_word' id='word_1_195' title='bbox 330 2801 453 2856; x_wconf 81' lang='lat' dir='ltr'><strong>conceptus</strong></span> <span class='ocrx_word' id='word_1_196' title='bbox 463 2808 476 2843; x_wconf 89' lang='lat' dir='ltr'><strong>e</strong></span> <span class='ocrx_word' id='word_1_197' title='bbox 485 2793 537 2843; x_wconf 79' lang='lat' dir='ltr'><strong>situ</strong></span> <span class='ocrx_word' id='word_1_198' title='bbox 547 2800 624 2843; x_wconf 80' lang='lat' dir='ltr'><strong>terror</strong></span> <span class='ocrx_word' id='word_1_199' title='bbox 634 2795 680 2844; x_wconf 83' lang='lat' dir='ltr'><strong>ins.</strong></span> <span class='ocrx_word' id='word_1_200' title='bbox 694 2798 736 2858; x_wconf 61' lang='lat' dir='ltr'><strong>ur.</strong></span> <span class='ocrx_word' id='word_1_201' title='bbox 755 2803 783 2843; x_wconf 87' lang='lat' dir='ltr'><strong>et</strong></span> <span class='ocrx_word' id='word_1_202' title='bbox 801 2796 838 2842; x_wconf 86' lang='lat' dir='ltr'><strong>sie</strong></span> <span class='ocrx_word' id='word_1_203' title='bbox 855 2793 938 2843; x_wconf 78' lang='lat' dir='ltr'><strong>edidit</strong></span> <span class='ocrx_word' id='word_1_204' title='bbox 955 2794 1100 2844; x_wconf 84' lang='lat' dir='ltr'><strong>Livineius.</strong></span> <span class='ocrx_word' id='word_1_205' title='bbox 1131 2796 1233 2845; x_wconf 70' lang='lat' dir='ltr'><strong>vetunt</strong></span> 
     </span>
     <span class='ocr_line' id='line_1_26' title="bbox 126 2857 1267 2922; baseline 0.006 -17"><span class='ocrx_word' id='word_1_206' title='bbox 126 2857 186 2914; x_wconf 83' lang='lat' dir='ltr'><strong>lior,</strong></span> <span class='ocrx_word' id='word_1_207' title='bbox 204 2859 292 2906; x_wconf 87' lang='lat' dir='ltr'><strong>nescio</strong></span> <span class='ocrx_word' id='word_1_208' title='bbox 311 2870 362 2922; x_wconf 86' lang='lat' dir='ltr'><strong>qus</strong></span> <span class='ocrx_word' id='word_1_209' title='bbox 378 2860 411 2908; x_wconf 83' lang='lat' dir='ltr'><strong>de</strong></span> <span class='ocrx_word' id='word_1_210' title='bbox 428 2874 516 2919; x_wconf 81' lang='lat' dir='ltr'><strong>censs,</strong></span> <span class='ocrx_word' id='word_1_211' title='bbox 531 2870 580 2907; x_wconf 91' lang='lat' dir='ltr'><strong>non</strong></span> <span class='ocrx_word' id='word_1_212' title='bbox 598 2864 737 2909; x_wconf 81' lang='lat' dir='ltr'><strong>convenire</strong></span> <span class='ocrx_word' id='word_1_213' title='bbox 748 2867 838 2908; x_wconf 81' lang='lat' dir='ltr'><strong>censet</strong></span> <span class='ocrx_word' id='word_1_214' title='bbox 850 2858 993 2921; x_wconf 80' lang='lat' dir='ltr'><strong>Arideiius,</strong></span> <span class='ocrx_word' id='word_1_215' title='bbox 1008 2866 1036 2908; x_wconf 78' lang='lat' dir='ltr'><strong>et</strong></span> <span class='ocrx_word' id='word_1_216' title='bbox 1052 2859 1183 2921; x_wconf 61' lang='lat' dir='ltr'><strong>metae,</strong></span> <span class='ocrx_word' id='word_1_217' title='bbox 1193 2862 1234 2912; x_wconf 79' lang='lat' dir='ltr'><strong>tsi</strong></span> <span class='ocrx_word' id='word_1_218' title='bbox 1265 2868 1267 2873; x_wconf 90' lang='lat'>&#39;</span> 
     </span>
     <span class='ocr_line' id='line_1_27' title="bbox 124 2922 1233 2992; baseline 0.004 -21"><span class='ocrx_word' id='word_1_219' title='bbox 124 2922 256 2973; x_wconf 85' lang='lat' dir='ltr'><strong>strissitute</strong></span> <span class='ocrx_word' id='word_1_220' title='bbox 268 2924 411 2975; x_wconf 74' lang='lat' dir='ltr'><strong>substituit.</strong></span> <span class='ocrx_word' id='word_1_221' title='bbox 445 2927 453 2953; x_wconf 91' lang='lat'>‘</span> <span class='ocrx_word' id='word_1_222' title='bbox 465 2923 524 2974; x_wconf 88' lang='lat' dir='ltr'><strong>Non</strong></span> <span class='ocrx_word' id='word_1_223' title='bbox 536 2924 657 2989; x_wconf 85' lang='lat' dir='ltr'><strong>equidem</strong></span> <span class='ocrx_word' id='word_1_224' title='bbox 669 2924 781 2986; x_wconf 79' lang='lat' dir='ltr'><strong>invideo,</strong></span> <span class='ocrx_word' id='word_1_225' title='bbox 791 2926 871 2974; x_wconf 87' lang='lat' dir='ltr'><strong>miror</strong></span> <span class='ocrx_word' id='word_1_226' title='bbox 883 2923 984 2988; x_wconf 72' lang='lat' dir='ltr'><strong>magis!</strong></span> <span class='ocrx_word' id='word_1_227' title='bbox 1013 2923 1148 2974; x_wconf 78' lang='lat' dir='ltr'><strong>Gruterus</strong></span> <span class='ocrx_word' id='word_1_228' title='bbox 1159 2927 1233 2992; x_wconf 76' lang='lat' dir='ltr'><strong>distr,</strong></span> 
     </span>
     <span class='ocr_line' id='line_1_28' title="bbox 127 2989 1234 3054; baseline 0.003 -17"><span class='ocrx_word' id='word_1_229' title='bbox 127 2989 291 3038; x_wconf 81' lang='lat' dir='ltr'><strong>‘Livineiuur</strong></span> <span class='ocrx_word' id='word_1_230' title='bbox 310 2992 434 3039; x_wconf 73' lang='lat' dir='ltr'><strong>asterisco</strong></span> <span class='ocrx_word' id='word_1_231' title='bbox 450 2991 535 3038; x_wconf 85' lang='lat' dir='ltr'><strong>locutu</strong></span> <span class='ocrx_word' id='word_1_232' title='bbox 555 2991 698 3048; x_wconf 80' lang='lat' dir='ltr'><strong>damnasse,</strong></span> <span class='ocrx_word' id='word_1_233' title='bbox 714 2998 836 3054; x_wconf 84' lang='lat' dir='ltr'><strong>tunquam</strong></span> <span class='ocrx_word' id='word_1_234' title='bbox 856 2991 939 3039; x_wconf 88' lang='lat' dir='ltr'><strong>minus</strong></span> <span class='ocrx_word' id='word_1_235' title='bbox 950 2991 1095 3051; x_wconf 80' lang='lat' dir='ltr'><strong>integrum:</strong></span> <span class='ocrx_word' id='word_1_236' title='bbox 1112 2992 1160 3040; x_wconf 81' lang='lat' dir='ltr'><strong>ssd</strong></span> <span class='ocrx_word' id='word_1_237' title='bbox 1171 2992 1234 3042; x_wconf 71' lang='lat' dir='ltr'><strong>nisit</strong></span> 
     </span>
     <span class='ocr_line' id='line_1_29' title="bbox 127 3054 1235 3120; baseline 0.007 -20"><span class='ocrx_word' id='word_1_238' title='bbox 127 3059 215 3102; x_wconf 86' lang='lat' dir='ltr'><strong>tsuteu</strong></span> <span class='ocrx_word' id='word_1_239' title='bbox 227 3054 249 3102; x_wconf 93' lang='lat' dir='ltr'><strong>ei</strong></span> <span class='ocrx_word' id='word_1_240' title='bbox 262 3055 361 3112; x_wconf 83' lang='lat' dir='ltr'><strong>deesse,</strong></span> <span class='ocrx_word' id='word_1_241' title='bbox 373 3056 394 3105; x_wconf 87' lang='lat' dir='ltr'><strong>si</strong></span> <span class='ocrx_word' id='word_1_242' title='bbox 406 3056 519 3118; x_wconf 79' lang='lat' dir='ltr'><strong>penitius</strong></span> <span class='ocrx_word' id='word_1_243' title='bbox 532 3056 734 3120; x_wconf 81' lang='lat' dir='ltr'><strong>introspiciatur,</strong></span> <span class='ocrx_word' id='word_1_244' title='bbox 745 3058 835 3120; x_wconf 80' lang='lat' dir='ltr'><strong>itaque</strong></span> <span class='ocrx_word' id='word_1_245' title='bbox 845 3071 874 3104; x_wconf 88' lang='lat' dir='ltr'><strong>se</strong></span> <span class='ocrx_word' id='word_1_246' title='bbox 887 3062 974 3106; x_wconf 84' lang='lat' dir='ltr'><strong>notstn</strong></span> <span class='ocrx_word' id='word_1_247' title='bbox 991 3054 1060 3104; x_wconf 85' lang='lat' dir='ltr'><strong>illurn</strong></span> <span class='ocrx_word' id='word_1_248' title='bbox 1078 3057 1235 3108; x_wconf 83' lang='lat' dir='ltr'><strong>sustulisse&#39;</strong></span> 
     </span>
     <span class='ocr_line' id='line_1_30' title="bbox 127 3118 1233 3185; baseline 0.005 -19"><span class='ocrx_word' id='word_1_249' title='bbox 127 3118 217 3167; x_wconf 81' lang='lat' dir='ltr'><strong>Bene:</strong></span> <span class='ocrx_word' id='word_1_250' title='bbox 236 3128 297 3168; x_wconf 82' lang='lat' dir='ltr'><strong>notu</strong></span> <span class='ocrx_word' id='word_1_251' title='bbox 309 3121 426 3169; x_wconf 86' lang='lat' dir='ltr'><strong>uiurirum</strong></span> <span class='ocrx_word' id='word_1_252' title='bbox 439 3121 483 3168; x_wconf 84' lang='lat' dir='ltr'><strong>itis</strong></span> <span class='ocrx_word' id='word_1_253' title='bbox 496 3121 603 3180; x_wconf 82' lang='lat' dir='ltr'><strong>iudicat,</strong></span> <span class='ocrx_word' id='word_1_254' title='bbox 614 3122 706 3170; x_wconf 87' lang='lat' dir='ltr'><strong>deesse</strong></span> <span class='ocrx_word' id='word_1_255' title='bbox 724 3122 877 3185; x_wconf 74' lang='lat' dir='ltr'><strong>porticulum</strong></span> <span class='ocrx_word' id='word_1_256' title='bbox 896 3134 958 3181; x_wconf 85' lang='lat' dir='ltr'><strong>runt,</strong></span> <span class='ocrx_word' id='word_1_257' title='bbox 976 3120 1190 3183; x_wconf 76' lang='lat' dir='ltr'><strong>conspiciendum</strong></span> <span class='ocrx_word' id='word_1_258' title='bbox 1207 3125 1233 3172; x_wconf 85' lang='lat' dir='ltr'><strong>itt</strong></span> 
     </span>
     <span class='ocr_line' id='line_1_31' title="bbox 127 3183 1234 3250; baseline 0.005 -18"><span class='ocrx_word' id='word_1_259' title='bbox 127 3183 186 3232; x_wconf 82' lang='lat' dir='ltr'><strong>eod.</strong></span> <span class='ocrx_word' id='word_1_260' title='bbox 203 3198 249 3233; x_wconf 93' lang='lat' dir='ltr'><strong>suo</strong></span> <span class='ocrx_word' id='word_1_261' title='bbox 265 3184 348 3250; x_wconf 78' lang='lat' dir='ltr'><strong>(lit.)</strong></span> <span class='ocrx_word' id='word_1_262' title='bbox 361 3186 435 3235; x_wconf 83' lang='lat' dir='ltr'><strong>Bert.</strong></span> <span class='ocrx_word' id='word_1_263' title='bbox 447 3193 473 3235; x_wconf 89' lang='lat' dir='ltr'><strong>et</strong></span> <span class='ocrx_word' id='word_1_264' title='bbox 487 3187 566 3248; x_wconf 85' lang='lat' dir='ltr'><strong>Cusp.</strong></span> <span class='ocrx_word' id='word_1_265' title='bbox 581 3188 674 3250; x_wconf 86' lang='lat' dir='ltr'><strong>quibus</strong></span> <span class='ocrx_word' id='word_1_266' title='bbox 686 3195 714 3236; x_wconf 88' lang='lat' dir='ltr'><strong>et</strong></span> <span class='ocrx_word' id='word_1_267' title='bbox 725 3187 834 3235; x_wconf 86' lang='lat' dir='ltr'><strong>Scitonlt.</strong></span> <span class='ocrx_word' id='word_1_268' title='bbox 846 3188 907 3237; x_wconf 89' lang='lat' dir='ltr'><strong>Put.</strong></span> <span class='ocrx_word' id='word_1_269' title='bbox 919 3187 1006 3235; x_wconf 82' lang='lat' dir='ltr'><strong>Muri.</strong></span> <span class='ocrx_word' id='word_1_270' title='bbox 1019 3186 1150 3248; x_wconf 78' lang='lat' dir='ltr'><strong>addendi3</strong></span> <span class='ocrx_word' id='word_1_271' title='bbox 1166 3200 1234 3238; x_wconf 82' lang='lat' dir='ltr'><strong>enm·</strong></span> 
     </span>
     <span class='ocr_line' id='line_1_32' title="bbox 126 3250 1232 3312; baseline 0.005 -17"><span class='ocrx_word' id='word_1_272' title='bbox 126 3262 178 3312; x_wconf 85' lang='lat' dir='ltr'><strong>qus</strong></span> <span class='ocrx_word' id='word_1_273' title='bbox 197 3250 291 3301; x_wconf 91' lang='lat' dir='ltr'><strong>deiude</strong></span> <span class='ocrx_word' id='word_1_274' title='bbox 308 3252 415 3301; x_wconf 82' lang='lat' dir='ltr'><strong>Gruter.</strong></span> <span class='ocrx_word' id='word_1_275' title='bbox 436 3266 494 3301; x_wconf 88' lang='lat' dir='ltr'><strong>cum</strong></span> <span class='ocrx_word' id='word_1_276' title='bbox 515 3251 600 3302; x_wconf 81' lang='lat' dir='ltr'><strong>Puris.</strong></span> <span class='ocrx_word' id='word_1_277' title='bbox 621 3251 681 3302; x_wconf 81' lang='lat' dir='ltr'><strong>Pet.</strong></span> <span class='ocrx_word' id='word_1_278' title='bbox 699 3260 727 3301; x_wconf 86' lang='lat' dir='ltr'><strong>et</strong></span> <span class='ocrx_word' id='word_1_279' title='bbox 744 3252 840 3303; x_wconf 78' lang='lat' dir='ltr'><strong>cetur.</strong></span> <span class='ocrx_word' id='word_1_280' title='bbox 859 3259 932 3302; x_wconf 80' lang='lat' dir='ltr'><strong>reete</strong></span> <span class='ocrx_word' id='word_1_281' title='bbox 951 3253 1035 3300; x_wconf 75' lang='lat' dir='ltr'><strong>textui</strong></span> <span class='ocrx_word' id='word_1_282' title='bbox 1053 3252 1232 3307; x_wconf 84' lang='lat' dir='ltr'><strong>inseruerunt.</strong></span> 
     </span>
    </p>
   </div>
   <div class='ocr_carea' id='block_1_8' title="bbox 22 3313 1233 3381">
    <p class='ocr_par' dir='ltr' id='par_1_10' title="bbox 22 3313 1233 3381">
     <span class='ocr_line' id='line_1_33' title="bbox 22 3313 1233 3381; baseline 0.006 -19"><span class='ocrx_word' id='word_1_283' title='bbox 22 3374 25 3379; x_wconf 21' lang='lat'><strong><em>³</em></strong></span> <span class='ocrx_word' id='word_1_284' title='bbox 126 3313 286 3378; x_wconf 72' lang='lat' dir='ltr'><strong>Lectionum,</strong></span> <span class='ocrx_word' id='word_1_285' title='bbox 296 3332 373 3379; x_wconf 77' lang='lat' dir='ltr'><strong>quotu</strong></span> <span class='ocrx_word' id='word_1_286' title='bbox 391 3332 437 3366; x_wconf 90' lang='lat' dir='ltr'><strong>uos</strong></span> <span class='ocrx_word' id='word_1_287' title='bbox 454 3332 512 3366; x_wconf 87' lang='lat' dir='ltr'><strong>cum</strong></span> <span class='ocrx_word' id='word_1_288' title='bbox 531 3319 717 3381; x_wconf 71' lang='lat' dir='ltr'><strong>posterioribus</strong></span> <span class='ocrx_word' id='word_1_289' title='bbox 728 3317 799 3367; x_wconf 84' lang='lat' dir='ltr'><strong>hisee</strong></span> <span class='ocrx_word' id='word_1_290' title='bbox 811 3318 955 3368; x_wconf 80' lang='lat' dir='ltr'><strong>editoribus</strong></span> <span class='ocrx_word' id='word_1_291' title='bbox 967 3317 1135 3377; x_wconf 54' lang='lat' dir='ltr'><strong>exhibemuss</strong></span> <span class='ocrx_word' id='word_1_292' title='bbox 1146 3334 1233 3369; x_wconf 87' lang='lat' dir='ltr'><strong>eruen-</strong></span> 
     </span>
    </p>
   </div>
   <div class='ocr_carea' id='block_1_9' title="bbox 125 3378 1237 3970">
    <p class='ocr_par' dir='ltr' id='par_1_11' title="bbox 126 3378 1237 3578">
     <span class='ocr_line' id='line_1_34' title="bbox 126 3378 1232 3446; baseline 0.007 -20"><span class='ocrx_word' id='word_1_293' title='bbox 126 3378 225 3435; x_wconf 82' lang='lat' dir='ltr'><strong>dstsm.</strong></span> <span class='ocrx_word' id='word_1_294' title='bbox 238 3382 293 3443; x_wconf 84' lang='lat' dir='ltr'><strong>jem</strong></span> <span class='ocrx_word' id='word_1_295' title='bbox 305 3383 448 3432; x_wconf 82' lang='lat' dir='ltr'><strong>invenimus</strong></span> <span class='ocrx_word' id='word_1_296' title='bbox 459 3383 485 3431; x_wconf 91' lang='lat' dir='ltr'><strong>iu</strong></span> <span class='ocrx_word' id='word_1_297' title='bbox 497 3384 617 3446; x_wconf 78' lang='lat' dir='ltr'><strong>exemplo</strong></span> <span class='ocrx_word' id='word_1_298' title='bbox 629 3384 709 3446; x_wconf 88' lang='lat' dir='ltr'><strong>Cusp.</strong></span> <span class='ocrx_word' id='word_1_299' title='bbox 720 3397 736 3432; x_wconf 84' lang='lat' dir='ltr'><strong>s</strong></span> <span class='ocrx_word' id='word_1_300' title='bbox 748 3397 798 3445; x_wconf 85' lang='lat' dir='ltr'><strong>quo</strong></span> <span class='ocrx_word' id='word_1_301' title='bbox 809 3384 835 3433; x_wconf 87' lang='lat' dir='ltr'><strong>u.</strong></span> <span class='ocrx_word' id='word_1_302' title='bbox 846 3384 864 3432; x_wconf 87' lang='grc'><strong>1.</strong></span> <span class='ocrx_word' id='word_1_303' title='bbox 880 3384 998 3432; x_wconf 76' lang='lat' dir='ltr'><strong>diuersus</strong></span> <span class='ocrx_word' id='word_1_304' title='bbox 1015 3381 1071 3431; x_wconf 79' lang='lat' dir='ltr'><strong>obit</strong></span> <span class='ocrx_word' id='word_1_305' title='bbox 1081 3379 1232 3435; x_wconf 76' lang='lat' dir='ltr'><strong>Sohonhor&#39;.</strong></span> 
     </span>
     <span class='ocr_line' id='line_1_35' title="bbox 127 3444 1237 3512; baseline 0.005 -20"><span class='ocrx_word' id='word_1_306' title='bbox 127 3444 275 3509; x_wconf 78' lang='lat' dir='ltr'><strong>relinquens</strong></span> <span class='ocrx_word' id='word_1_307' title='bbox 296 3447 414 3497; x_wconf 68' lang='lat' dir='ltr'><strong>terroris!</strong></span> <span class='ocrx_word' id='word_1_308' title='bbox 430 3448 527 3512; x_wconf 74' lang='lat' dir='ltr'><strong>leger.</strong></span> <span class='ocrx_word' id='word_1_309' title='bbox 561 3449 628 3497; x_wconf 80' lang='lat' dir='ltr'><strong>Vide</strong></span> <span class='ocrx_word' id='word_1_310' title='bbox 649 3450 725 3498; x_wconf 84' lang='lat' dir='ltr'><strong>Nott.</strong></span> <span class='ocrx_word' id='word_1_311' title='bbox 741 3448 818 3496; x_wconf 85' lang='lat' dir='ltr'><strong>Vurr.</strong></span> <span class='ocrx_word' id='word_1_312' title='bbox 844 3449 971 3498; x_wconf 78' lang='lat' dir='ltr'><strong>interritus</strong></span> <span class='ocrx_word' id='word_1_313' title='bbox 988 3446 1095 3497; x_wconf 84' lang='lat' dir='ltr'><strong>Puteol.</strong></span> <span class='ocrx_word' id='word_1_314' title='bbox 1115 3449 1237 3504; x_wconf 80' lang='lat' dir='ltr'><strong>Rhensu.</strong></span> 
     </span>
     <span class='ocr_line' id='line_1_36' title="bbox 126 3507 887 3578; baseline 0.003 -17"><span class='ocrx_word' id='word_1_315' title='bbox 126 3507 219 3573; x_wconf 80' lang='lat' dir='ltr'><strong>steph.</strong></span> <span class='ocrx_word' id='word_1_316' title='bbox 232 3519 258 3560; x_wconf 92' lang='lat' dir='ltr'><strong>et</strong></span> <span class='ocrx_word' id='word_1_317' title='bbox 271 3512 357 3562; x_wconf 88' lang='lat' dir='ltr'><strong>Ririn.</strong></span> <span class='ocrx_word' id='word_1_318' title='bbox 374 3513 489 3563; x_wconf 85' lang='lat' dir='ltr'><strong>interitus</strong></span> <span class='ocrx_word' id='word_1_319' title='bbox 500 3523 541 3562; x_wconf 85' lang='lat' dir='ltr'><strong>est</strong></span> <span class='ocrx_word' id='word_1_320' title='bbox 552 3529 584 3562; x_wconf 84' lang='lat' dir='ltr'><strong>ex</strong></span> <span class='ocrx_word' id='word_1_321' title='bbox 597 3515 748 3578; x_wconf 85' lang='lat' dir='ltr'><strong>conjecturs</strong></span> <span class='ocrx_word' id='word_1_322' title='bbox 762 3514 887 3563; x_wconf 79' lang='lat' dir='ltr'><strong>Rhennui.</strong></span> 
     </span>
    </p>

    <p class='ocr_par' dir='ltr' id='par_1_12' title="bbox 125 3575 1234 3970">
     <span class='ocr_line' id='line_1_37' title="bbox 161 3575 1233 3642; baseline -0.001 -16"><span class='ocrx_word' id='word_1_323' title='bbox 161 3576 228 3626; x_wconf 67' lang='lat' dir='ltr'><strong>Gne.</strong></span> <span class='ocrx_word' id='word_1_324' title='bbox 238 3588 331 3626; x_wconf 81' lang='lat' dir='ltr'><strong>xxtttt.</strong></span> <span class='ocrx_word' id='word_1_325' title='bbox 357 3582 373 3626; x_wconf 76' lang='lat'>2</span> <span class='ocrx_word' id='word_1_326' title='bbox 389 3577 503 3639; x_wconf 84' lang='lat' dir='ltr'><strong>Gttslph.</strong></span> <span class='ocrx_word' id='word_1_327' title='bbox 520 3580 675 3642; x_wconf 83' lang='lat' dir='ltr'><strong>turpitudinis</strong></span> <span class='ocrx_word' id='word_1_328' title='bbox 686 3585 763 3637; x_wconf 83' lang='lat' dir='ltr'><strong>notus,</strong></span> <span class='ocrx_word' id='word_1_329' title='bbox 779 3582 845 3642; x_wconf 83' lang='lat' dir='ltr'><strong>quod</strong></span> <span class='ocrx_word' id='word_1_330' title='bbox 861 3581 888 3627; x_wconf 91' lang='lat' dir='ltr'><strong>itt</strong></span> <span class='ocrx_word' id='word_1_331' title='bbox 900 3576 1015 3639; x_wconf 78' lang='lat' dir='ltr'><strong>margine</strong></span> <span class='ocrx_word' id='word_1_332' title='bbox 1028 3575 1158 3640; x_wconf 72' lang='lat' dir='ltr'><strong>probabat</strong></span> <span class='ocrx_word' id='word_1_333' title='bbox 1170 3576 1233 3627; x_wconf 83' lang='lat' dir='ltr'><strong>Cor·</strong></span> 
     </span>
     <span class='ocr_line' id='line_1_38' title="bbox 128 3641 1234 3709; baseline 0.001 -18"><span class='ocrx_word' id='word_1_334' title='bbox 128 3641 189 3691; x_wconf 88' lang='lat' dir='ltr'><strong>tius.</strong></span> <span class='ocrx_word' id='word_1_335' title='bbox 206 3642 301 3691; x_wconf 84' lang='lat' dir='ltr'><strong>tondum</strong></span> <span class='ocrx_word' id='word_1_336' title='bbox 312 3643 396 3692; x_wconf 73' lang='lat' dir='ltr'><strong>insutu</strong></span> <span class='ocrx_word' id='word_1_337' title='bbox 408 3643 443 3697; x_wconf 87' lang='lat' dir='ltr'><strong>H.</strong></span> <span class='ocrx_word' id='word_1_338' title='bbox 452 3642 543 3706; x_wconf 85' lang='lat' dir='ltr'><strong>Steph.</strong></span> <span class='ocrx_word' id='word_1_339' title='bbox 558 3646 696 3693; x_wconf 78' lang='lat' dir='ltr'><strong>reluxerunt</strong></span> <span class='ocrx_word' id='word_1_340' title='bbox 707 3643 868 3709; x_wconf 63' lang='lat' dir='ltr'><strong>dirupti-»s</strong></span> <span class='ocrx_word' id='word_1_341' title='bbox 882 3643 998 3706; x_wconf 75' lang='lat' dir='ltr'><strong>Princeps</strong></span> <span class='ocrx_word' id='word_1_342' title='bbox 1009 3656 1076 3692; x_wconf 83' lang='lat' dir='ltr'><strong>uerno</strong></span> <span class='ocrx_word' id='word_1_343' title='bbox 1086 3643 1164 3692; x_wconf 79' lang='lat' dir='ltr'><strong>notuit</strong></span> <span class='ocrx_word' id='word_1_344' title='bbox 1174 3643 1234 3692; x_wconf 90' lang='lat' dir='ltr'><strong>edd.</strong></span> 
     </span>
     <span class='ocr_line' id='line_1_39' title="bbox 125 3707 1233 3773; baseline 0.002 -17"><span class='ocrx_word' id='word_1_345' title='bbox 125 3710 194 3756; x_wconf 73' lang='lat' dir='ltr'><strong>vett.</strong></span> <span class='ocrx_word' id='word_1_346' title='bbox 213 3707 328 3770; x_wconf 81' lang='lat' dir='ltr'><strong>Princeps</strong></span> <span class='ocrx_word' id='word_1_347' title='bbox 343 3723 355 3757; x_wconf 90' lang='lat' dir='ltr'><strong>e</strong></span> <span class='ocrx_word' id='word_1_348' title='bbox 371 3709 454 3769; x_wconf 76' lang='lat' dir='ltr'><strong>gratia</strong></span> <span class='ocrx_word' id='word_1_349' title='bbox 471 3709 586 3758; x_wconf 83' lang='lat' dir='ltr'><strong>nerninem</strong></span> <span class='ocrx_word' id='word_1_350' title='bbox 603 3707 707 3759; x_wconf 87' lang='lat' dir='ltr'><strong>Prtteol.</strong></span> <span class='ocrx_word' id='word_1_351' title='bbox 718 3711 826 3772; x_wconf 83' lang='lat' dir='ltr'><strong>Cuspio.</strong></span> <span class='ocrx_word' id='word_1_352' title='bbox 838 3711 903 3758; x_wconf 81' lang='lat' dir='ltr'><strong>Exn.</strong></span> <span class='ocrx_word' id='word_1_353' title='bbox 914 3707 1059 3758; x_wconf 82' lang='lat' dir='ltr'><strong>setronuov.</strong></span> <span class='ocrx_word' id='word_1_354' title='bbox 1076 3707 1233 3773; x_wconf 74' lang='lat' dir='ltr'><strong>Prinsepnss</strong></span> 
     </span>
     <span class='ocr_line' id='line_1_40' title="bbox 126 3772 1233 3838; baseline 0.001 -16"><span class='ocrx_word' id='word_1_355' title='bbox 126 3773 209 3835; x_wconf 77' lang='lat' dir='ltr'><strong>gratio</strong></span> <span class='ocrx_word' id='word_1_356' title='bbox 218 3776 334 3822; x_wconf 85' lang='lat' dir='ltr'><strong>nerninem</strong></span> <span class='ocrx_word' id='word_1_357' title='bbox 346 3775 407 3823; x_wconf 88' lang='lat' dir='ltr'><strong>Vet.</strong></span> <span class='ocrx_word' id='word_1_358' title='bbox 416 3775 499 3821; x_wconf 88' lang='lat' dir='ltr'><strong>Lirin.</strong></span> <span class='ocrx_word' id='word_1_359' title='bbox 512 3775 628 3823; x_wconf 81' lang='lat' dir='ltr'><strong>Rhenun.</strong></span> <span class='ocrx_word' id='word_1_360' title='bbox 645 3791 690 3838; x_wconf 82' lang='lat' dir='ltr'><strong>pua</strong></span> <span class='ocrx_word' id='word_1_361' title='bbox 701 3776 780 3824; x_wconf 85' lang='lat' dir='ltr'><strong>minus</strong></span> <span class='ocrx_word' id='word_1_362' title='bbox 790 3776 872 3834; x_wconf 86' lang='lat' dir='ltr'><strong>omnis,</strong></span> <span class='ocrx_word' id='word_1_363' title='bbox 882 3789 935 3837; x_wconf 79' lang='lat' dir='ltr'><strong>que</strong></span> <span class='ocrx_word' id='word_1_364' title='bbox 947 3772 1051 3838; x_wconf 88' lang='lat' dir='ltr'><strong>quidum</strong></span> <span class='ocrx_word' id='word_1_365' title='bbox 1060 3784 1104 3834; x_wconf 79' lang='lat' dir='ltr'><strong>ttp.</strong></span> <span class='ocrx_word' id='word_1_366' title='bbox 1114 3775 1233 3824; x_wconf 83' lang='lat' dir='ltr'><strong>Rheusn.</strong></span> 
     </span>
     <span class='ocr_line' id='line_1_41' title="bbox 128 3839 1233 3905; baseline -0.001 -17"><span class='ocrx_word' id='word_1_367' title='bbox 128 3854 173 3901; x_wconf 80' lang='lat' dir='ltr'><strong>qno</strong></span> <span class='ocrx_word' id='word_1_368' title='bbox 184 3839 261 3888; x_wconf 86' lang='lat' dir='ltr'><strong>minus</strong></span> <span class='ocrx_word' id='word_1_369' title='bbox 271 3839 355 3897; x_wconf 82' lang='lat' dir='ltr'><strong>omnis,</strong></span> <span class='ocrx_word' id='word_1_370' title='bbox 364 3855 409 3902; x_wconf 82' lang='lat' dir='ltr'><strong>prro</strong></span> <span class='ocrx_word' id='word_1_371' title='bbox 421 3840 537 3888; x_wconf 83' lang='lat' dir='ltr'><strong>erenun.</strong></span> <span class='ocrx_word' id='word_1_372' title='bbox 553 3840 644 3905; x_wconf 79' lang='lat' dir='ltr'><strong>steph.</strong></span> <span class='ocrx_word' id='word_1_373' title='bbox 658 3841 743 3890; x_wconf 88' lang='lat' dir='ltr'><strong>Riviu.</strong></span> <span class='ocrx_word' id='word_1_374' title='bbox 758 3847 782 3891; x_wconf 89' lang='lat' dir='ltr'><strong>l.</strong></span> <span class='ocrx_word' id='word_1_375' title='bbox 799 3857 844 3904; x_wconf 84' lang='lat' dir='ltr'><strong>quo</strong></span> <span class='ocrx_word' id='word_1_376' title='bbox 855 3841 934 3888; x_wconf 84' lang='lat' dir='ltr'><strong>minus</strong></span> <span class='ocrx_word' id='word_1_377' title='bbox 942 3839 1031 3894; x_wconf 79' lang='lat' dir='ltr'><strong>omniu,</strong></span> <span class='ocrx_word' id='word_1_378' title='bbox 1039 3852 1113 3901; x_wconf 77' lang='lat' dir='ltr'><strong>prum</strong></span> <span class='ocrx_word' id='word_1_379' title='bbox 1125 3840 1233 3902; x_wconf 80' lang='lat' dir='ltr'><strong>Cuspis.</strong></span> 
     </span>
     <span class='ocr_line' id='line_1_42' title="bbox 128 3903 1233 3970; baseline 0.002 -17"><span class='ocrx_word' id='word_1_380' title='bbox 128 3903 195 3954; x_wconf 80' lang='lat' dir='ltr'><strong>Exn.</strong></span> <span class='ocrx_word' id='word_1_381' title='bbox 215 3905 359 3955; x_wconf 81' lang='lat' dir='ltr'><strong>Scitouitor.</strong></span> <span class='ocrx_word' id='word_1_382' title='bbox 393 3904 460 3953; x_wconf 85' lang='lat' dir='ltr'><strong>Vide</strong></span> <span class='ocrx_word' id='word_1_383' title='bbox 473 3906 548 3955; x_wconf 79' lang='lat' dir='ltr'><strong>Nott·</strong></span> <span class='ocrx_word' id='word_1_384' title='bbox 563 3906 640 3956; x_wconf 86' lang='lat' dir='ltr'><strong>Vnrr.</strong></span> <span class='ocrx_word' id='word_1_385' title='bbox 671 3911 822 3969; x_wconf 79' lang='lat' dir='ltr'><strong>persuaserat</strong></span> <span class='ocrx_word' id='word_1_386' title='bbox 841 3905 954 3970; x_wconf 84' lang='lat' dir='ltr'><strong>Guslplr.</strong></span> <span class='ocrx_word' id='word_1_387' title='bbox 972 3904 1079 3957; x_wconf 82' lang='lat' dir='ltr'><strong>Pureot.</strong></span> <span class='ocrx_word' id='word_1_388' title='bbox 1097 3904 1233 3970; x_wconf 74' lang='lat' dir='ltr'><strong>P-Steplr.</strong></span> 
     </span>
    </p>
   </div>
   <div class='ocr_carea' id='block_1_10' title="bbox 628 4071 734 4121">
    <p class='ocr_par' dir='ltr' id='par_1_13' title="bbox 628 4071 734 4121">
     <span class='ocr_line' id='line_1_43' title="bbox 628 4071 734 4121; baseline 0 -1"><span class='ocrx_word' id='word_1_389' title='bbox 628 4071 734 4121; x_wconf 76' lang='lat' dir='ltr'><strong>NOTAE</strong></span> 
     </span>
    </p>
   </div>
   <div class='ocr_carea' id='block_1_11' title="bbox 159 4166 1234 4311">
    <p class='ocr_par' dir='ltr' id='par_1_14' title="bbox 159 4166 1234 4311">
     <span class='ocr_line' id='line_1_44' title="bbox 159 4166 1234 4234; baseline 0.004 -20"><span class='ocrx_word' id='word_1_390' title='bbox 159 4174 171 4200; x_wconf 72' lang='lat'>⁰</span> <span class='ocrx_word' id='word_1_391' title='bbox 184 4166 302 4230; x_wconf 73' lang='lat' dir='ltr'><strong>Tyranni]</strong></span> <span class='ocrx_word' id='word_1_392' title='bbox 320 4168 457 4217; x_wconf 79' lang='lat' dir='ltr'><strong>Maxentii.</strong></span> <span class='ocrx_word' id='word_1_393' title='bbox 698 4170 782 4234; x_wconf 74' lang='lat' dir='ltr'><strong>garsio</strong></span> <span class='ocrx_word' id='word_1_394' title='bbox 793 4171 899 4232; x_wconf 57' lang='lat' dir='ltr'><strong>pinnen</strong></span> <span class='ocrx_word' id='word_1_395' title='bbox 917 4169 966 4225; x_wconf 84' lang='lat' dir='ltr'><strong>rel,</strong></span> <span class='ocrx_word' id='word_1_396' title='bbox 975 4180 1054 4218; x_wconf 77' lang='lat' dir='ltr'><strong>ntum</strong></span> <span class='ocrx_word' id='word_1_397' title='bbox 1060 4178 1127 4232; x_wconf 62' lang='lat' dir='ltr'><strong>mos,</strong></span> <span class='ocrx_word' id='word_1_398' title='bbox 1137 4174 1168 4218; x_wconf 90' lang='lat' dir='ltr'><strong>nt</strong></span> <span class='ocrx_word' id='word_1_399' title='bbox 1179 4170 1234 4218; x_wconf 86' lang='lat' dir='ltr'><strong>ruit</strong></span> 
     </span>
     <span class='ocr_line' id='line_1_45' title="bbox 160 4241 1229 4311; baseline 0.008 -18"><span class='ocrx_word' id='word_1_400' title='bbox 160 4241 172 4276; x_wconf 48' lang='grc' dir='ltr'><strong><em>ἢ</em></strong></span> <span class='ocrx_word' id='word_1_401' title='bbox 187 4244 284 4308; x_wconf 84' lang='lat' dir='ltr'><strong>Omnia,</strong></span> <span class='ocrx_word' id='word_1_402' title='bbox 295 4243 352 4310; x_wconf 82' lang='lat' dir='ltr'><strong>prro]</strong></span> <span class='ocrx_word' id='word_1_403' title='bbox 376 4245 467 4296; x_wconf 80' lang='lat' dir='ltr'><strong>Malim</strong></span> <span class='ocrx_word' id='word_1_404' title='bbox 478 4262 532 4311; x_wconf 81' lang='lat' dir='ltr'><strong>pua,</strong></span> <span class='ocrx_word' id='word_1_405' title='bbox 548 4253 577 4297; x_wconf 90' lang='lat' dir='ltr'><strong>ut</strong></span> <span class='ocrx_word' id='word_1_406' title='bbox 594 4248 663 4298; x_wconf 91' lang='lat' dir='ltr'><strong>Bon·</strong></span> <span class='ocrx_word' id='word_1_407' title='bbox 699 4249 842 4300; x_wconf 79' lang='lat' dir='ltr'><strong>Acldsliur.</strong></span> <span class='ocrx_word' id='word_1_408' title='bbox 1222 4262 1229 4274; x_wconf 78' lang='lat'><strong>⁴</strong></span> 
     </span>
    </p>
   </div>
   <div class='ocr_carea' id='block_1_12' title="bbox 0 0 1370 4726">
    <p class='ocr_par' dir='ltr' id='par_1_15' title="bbox 0 0 1370 4726">
     <span class='ocr_line' id='line_1_46' title="bbox 0 0 1370 4726; baseline 0 0"><span class='ocrx_word' id='word_1_409' title='bbox 0 0 1370 4726; x_wconf 95' lang='lat' dir='ltr'><strong> </strong></span> 
     </span>
    </p>
   </div>
  </div>
 </body>
</html>
