2730 4726
316 388 324 397 „
413 312 683 367 cousrsurruo
708 311 799 362 ruo.
822 295 962 363 uult.
1148 295 1235 363 trel

126 463 264 531 Padum
287 457 418 538 Italia,l
440 461 518 544 ipsa
539 459 613 544 jam
640 458 684 523 ad
711 463 744 522 te
773 456 948 541 supplices
975 475 1097 522 manns
1123 456 1237 525 Roma

127 564 305 642 tendebat,
313 563 369 627 cui
383 566 574 646 portentum
589 556 684 626 illud¹
699 560 880 636 insederat,
888 558 971 622 nibil
985 561 1101 625 conari
1114 580 1237 627 ausum

128 668 176 734 ed
201 672 253 732 tot
270 665 405 731 nuntios
424 683 563 730 suarum
577 664 736 729 cladium.
782 662 921 746 Quippe
935 652 1065 744 ipsese
1081 663 1237 731 vilissimi

127 769 278 837 bominis
291 767 474 834 obsidebat
496 768 640 850 ignavie,
656 773 691 832 et
704 766 885 850 degeneres
900 763 1043 830 animosi
1067 755 1166 831 timor
1185 786 1237 833 ar·

130 874 270 956 gnebat.
309 871 343 936 3.
364 870 513 935 Stultum
540 876 575 933 et
601 888 744 954 nequam
768 863 914 933 animalk
942 887 1112 951 nusquam
1139 875 1238 936 extre

127 975 279 1060 parietes
293 972 409 1055 egredi
423 972 580 1038 audebat.
617 971 676 1037 Ita
690 973 779 1036 enim
796 978 857 1036 aut
869 968 1045 1053 prodigiis,
1058 978 1117 1037 aut
1129 978 1237 1038 metus

129 1077 188 1142 sui·
200 1075 378 1160 preesegiis
392 1073 624 1139 monebatur!
630 1070 638 1109 ¹
680 1074 713 1138 4.
737 1073 804 1137 Pro
819 1072 945 1157 pudor!
967 1074 1053 1139 intre
1068 1074 1238 1158 parietum

131 1177 306 1245 costodiae
327 1176 540 1261 Imperatori
588 1177 622 1241 N
624 1196 667 1241 on
688 1175 746 1241 ille
768 1177 917 1260 aspirare
932 1177 967 1240 in
982 1195 1151 1261 canipum,
1170 1194 1239 1242 non

131 1280 285 1346 exerceri
296 1280 408 1356 ermis,
420 1298 489 1345 uon·
500 1280 672 1363 pulverem
684 1279 770 1362 peti.
814 1277 959 1344 Asbotos
972 1279 1119 1362 quidem,
1135 1300 1177 1345 ne
1188 1283 1239 1346 vi·

131 1402 245 1449 rorum
257 1381 399 1447 officiam
410 1387 594 1447 tentantem
610 1386 868 1459 contemnerent,
883 1382 943 1465 qui
961 1380 1126 1446 viderent.
1169 1383 1240 1448 lle·⁸

133 1485 319 1563 ambulare,
340 1489 375 1549 et
398 1489 529 1549 tantum
545 1484 579 1547 in
597 1482 658 1552 illo
674 1482 804 1567 palatio
822 1484 1031 1548 marmoratis
1051 1485 1239 1566 perietibus

133 1587 299 1652 incedere.
330 1585 422 1652 Nem
436 1587 472 1650 in
487 1586 717 1651 Sallustianos
733 1585 869 1652 horton¹¹
890 1586 952 1664 ire,
967 1588 1189 1669 peregrinatio
1202 1596 1240 1652 et

133 1688 311 1774 expeditio
323 1690 514 1771 putabatur.
547 1689 580 1753 5.
595 1687 641 1752 Et
651 1688 705 1755 hae
714 1687 849 1773 quidem
862 1687 995 1753 deliciae
1008 1696 1080 1752 toto
1091 1690 1149 1754 illo
1160 1699 1240 1755 tem·
1252 1699 1263 1727 ⁵

134 1808 229 1874 pore,
245 1808 315 1876 quo
326 1792 442 1854 urbem
459 1788 664 1869 obsederat,⁰
678 1798 785 1856 semet
800 1789 998 1870 incluserat,
1013 1791 1240 1874 turpissimam

163 1970 182 2015 s
196 1973 233 2022 Eo
243 1977 396 2046 reete,pttem
405 1972 511 2037 ruspina
523 1973 546 2024 ei
557 1973 712 2025 irseetiebnst.

600 2095 779 2117 ercomenon

138 2198 232 2262 Steph-
242 2197 327 2248 Livio.
344 2195 379 2248 nl.
397 2203 462 2248 vett.
475 2203 505 2247 et
516 2198 603 2248 lii‘rin.
616 2201 640 2248 1.
652 2201 788 2260 portentum
797 2198 823 2248 id
831 2214 842 2256 ,·
873 2200 934 2250 Vet.
952 2202 1064 2251 Puteen.
1075 2199 1136 2249 Vet.
1155 2201 1241 2252 Livio.

136 2263 241 2314 Berlin.
255 2262 361 2328 Cuspio.
373 2264 405 2313 P.
413 2263 506 2326 steph.
512 2270 540 2312 et
550 2262 611 2313 edd.
622 2269 734 2312 recente.
744 2268 880 2325 portestsss
889 2266 958 2315 illud.
992 2265 1061 2315 Vide
1068 2280 1146 2330 supra
1158 2279 1209 2316 xrs.
1217 2270 1242 2317 3.

136 2329 285 2379 Pronomen
297 2328 372 2379 deest
384 2329 410 2379 in
424 2329 511 2378 Risin.
522 2332 547 2376 2.
562 2328 832 2388 &coeessentialem
842 2332 985 2392 sesamae
996 2330 1098 2381 Bertiu.
1115 2332 1243 2393 degeneres

137 2395 239 2454 desse,
254 2397 282 2441 el
296 2394 387 2443 dictum
396 2398 432 2443 est
442 2392 577 2443 Meri-8
590 2392 655 2442 Voc.
672 2392 762 2441 ratmot
772 2393 850 2443 deest
861 2395 886 2444 in
898 2395 1001 2444 Bertin.
1035 2396 1088 2446 Pro
1098 2395 1244 2459 mutetur,

138 2459 202 2508 vet.
224 2459 334 2507 l’uteen.
350 2457 432 2506 babet
452 2456 646 2507 mentetua-t
669 2457 735 2507 llere
755 2458 844 2520 verbe,
862 2464 1046 2522 contemnerent,
1063 2461 1104 2524 qss'
1124 2462 1244 2512 siderent.

136 2521 309 2584 Deambutere,
319 2526 344 2572 et
354 2527 456 2582 tentem,
466 2521 563 2571 desunt
573 2522 600 2570 iu
617 2519 678 2570 edd.
688 2520 843 2585 quibusdem
856 2533 921 2573 vett.
938 2525 1017 2574 etiam
1033 2528 1060 2575 iu
1072 2526 1156 2574 Brun.
1173 2524 1243 2574 Vlde

138 2588 216 2638 Noti.
230 2587 306 2637 Verr.
339 2586 393 2636 Pro
410 2587 520 2636 siderent
537 2586 622 2636 Liviu.
638 2586 709 2650 conj.
729 2586 847 2637 rideam.
879 2589 953 2638 Idem
966 2604 1036 2646 mox,
1048 2591 1074 2638 in
1086 2605 1132 2638 seo
1143 2589 1244 2653 putetis.

136 2651 225 2702 'Haec
237 2650 347 2701 mutatio
364 2665 414 2700 nec
424 2651 571 2701 necessarie
591 2657 642 2714 est,
652 2665 702 2700 uec
715 2651 779 2700 setis
796 2652 955 2717 probabilis!
971 2655 1114 2714 aegea-s
1128 2655 1245 2702 Rhenes.

138 2714 369 2782 etenensium.
379 2715 536 2766 Risio.l.al.
547 2719 613 2766 vett.
622 2714 739 2765 tentoilto
750 2720 853 2780 tempore
860 2732 870 2775 ,·
887 2717 988 2767 Berlin.
997 2718 1104 2783 Cuspio.
1114 2718 1144 2766 P.
1152 2717 1243 2781 Stepb.
1352 2710 1354 2714 ⁴

140 2778 221 2855 Grot.
233 2789 260 2832 el
272 2786 383 2832 recentt.
392 2781 494 2832 totee'tto
504 2787 616 2846 tempore.
639 2781 714 2844 Mox,
726 2781 859 2845 qenerbem
869 2782 991 2834 obsederat
1002 2783 1064 2833 edd.
1075 2787 1136 2834 ente
1148 2782 1244 2833 Celler.

171 3037 184 3073 ¹
202 3037 248 3090 cie
258 3039 354 3089 Pedum
364 3037 453 3104 natu]
470 3037 600 3105 Loquitur
610 3037 675 3089 'l're-
710 3037 772 3096 erit,
783 3037 821 3088 lte
838 3035 927 3090 secere
942 3053 1001 3090 eum
1018 3039 1176 3092 admouebat
1192 3055 1246 3092 me·

138 3115 408 3187 tsrnnomeoauui.
711 3123 764 3173 tus,
784 3132 861 3182 quem
883 3132 930 3168 sue
951 3119 976 3168 ei
998 3111 1114 3184 auspicis
1134 3116 1246 3190 incutiess

173 3189 340 3240 'Portentum
349 3189 423 3254 idad]
440 3190 601 3242 Maxentius.
711 3191 785 3242 bent.

172 3261 336 3328 tnegmm
352 3267 455 3330 natoue]
473 3267 592 3317 Sumtum
611 3260 677 3315 illud
744 3276 763 3303 ὓ
782 3270 820 3320 Ne
834 3269 940 3320 virorem
956 3269 1045 3336 wicta]
1062 3270 1196 3320 Lubenter
1208 3269 1246 3321 iu·

139 3355 175 3392 en
186 3340 262 3406 Virg.
273 3341 376 3392 AEoeid.
393 3356 431 3393 rr.
443 3347 483 3394 lb.
713 3359 797 3396 serem
808 3347 921 3410 quidese,-
939 3355 968 3396 ut
984 3347 1029 3411 sit,
1038 3361 1068 3396 ne
1079 3347 1183 3397 eireren
1193 3347 1246 3410 qei-

140 3439 144 3446 ,
174 3415 452 3483 kStulturuetaeqrsrru
462 3417 563 3481 animet]
574 3419 678 3468 Durum
713 3421 1001 3486 demefficistratsntem.

142 3493 263 3551 remum,
274 3495 320 3545 sed
333 3503 419 3546 temen
428 3496 526 3546 'l'ullius
536 3494 679 3545 baudmul·
746 3505 759 3533 ³
775 3498 1033 3564 saumiamstoreos]
1050 3498 1123 3551 Quos
1134 3498 1164 3550 C.
1176 3497 1247 3548 Cris·

137 3576 174 3639 ⁵te
190 3568 403 3621 honorificentius
424 3570 531 3621 adhibet
550 3569 576 3620 in
589 3571 678 3621 'sirum
715 3588 763 3639 pus
776 3573 924 3638 Sallustius,
935 3572 1072 3626 historicus
1080 3575 1198 3639 insignis,
1208 3571 1248 3622 eir

142 3646 369 3710 commemorem
380 3653 538 3710 presentem
549 3646 574 3695 iu
586 3652 680 3696 senetu
715 3645 863 3713 opulentus,
882 3649 1002 3715 idemque
1021 3647 1181 3713 magnificus,
1197 3645 1246 3696 sub

142 3723 333 3792 compellabat:
352 3732 380 3773 et
393 3724 494 3773 Seneca
512 3722 546 3773 de
561 3721 679 3773 Benede.
715 3725 851 3776 Quirinele
864 3731 940 3775 extre
952 3723 1151 3776 Pomoeriumed
1161 3722 1247 3773 Colle·

142 3802 232 3855 solo.
250 3799 440 3851 timidissimum
455 3800 550 3850 nointel
562 3801 680 3865 appellet
715 3800 795 3851 tinem
819 3807 920 3864 portem
943 3800 1085 3851 adornavit.
1118 3798 1146 3847 ls
1169 3796 1247 3846 'l'ullil

141 3873 336 3927 Alexandrum.
448 3937 453 3947 ·
714 3876 876 3940 temporibus
894 3876 973 3938 uixit,
990 3867 1076 3940 neque
1091 3874 1185 3923 desunt
1203 3871 1247 3936 qni

177 3948 185 3983 ¹
202 3950 360 4016 Merebatur]
385 3951 457 4017 Lege
484 3951 629 4015 mouebatur,
651 3958 680 4002 nt
715 3953 831 4003 scribent
843 3952 1002 4009 Terentiam,
1014 3949 1099 3999 Murci
1114 3946 1247 3998 Ciceronis

143 4027 314 4090 suspicantur
335 4042 430 4079 omues.
446 4028 619 4093 interpretes:
638 4029 680 4079 vel
714 4027 875 4089 uxoremst)
890 4041 922 4078 eo
941 4022 1248 4091 repudietenr‚sslluetio

144 4103 168 4152 st
180 4103 246 4154 benc
257 4103 416 4170 scriptorem
432 4104 580 4161 retinueris.
591 4116 680 4154 tensus
715 4103 841 4169 nupsisse.
