2730 4726
372 325 626 373 nrocnarmnr
653 325 700 372 nr
724 325 959 378 mnxranaur.
1121 312 1208 380 1149

102 488 196 560 ¹rum,
212 490 271 554 per
294 478 477 549 senectam,
498 480 566 555 ‘quo
586 469 696 535 minus
718 470 882 537 interesse
904 474 1041 552 valeret,
1065 494 1208 542 excusa»

109 573 246 638 visset:
258 575 427 657 rescriptis
441 575 630 640 minacibus
653 575 816 658 acceptis,
831 577 952 658 quibus
972 577 1209 661 increpabatur

111 676 291 747 Maxentio
314 677 456 757 favisse,
477 697 519 742 ac
541 677 754 743 Maximiano
777 679 902 755 favere,
926 689 1128 763 suspectans
1152 701 1207 746 nc-

109 798 186 842 cem
209 778 461 859 dedecorosam,
486 801 648 846 venenum
673 781 827 846 hausisse
850 782 991 848 dicitur!
1042 783 1111 848 Alii
1134 805 1207 850 anae

110 883 233 946 mentis
258 883 418 966 impotem
445 884 673 948 contabuisse
689 882 816 948 dicunt.
871 884 1022 970 Ejnsqne
1046 887 1208 969 palatium

110 984 181 1048 ictu
197 983 346 1048 fulminis
362 986 550 1050 absumtum
565 984 684 1062 inisse,
701 986 829 1050 Euseb.
840 986 931 1051 Hist.
944 988 1003 1052 lib.
1018 1005 1102 1052 vrrr.
1136 988 1208 1055 Alii

111 1091 251 1152 senatus
268 1086 368 1170 jussu
384 1089 635 1170 strangulatum,
649 1089 810 1153 Zonaras.
854 1089 924 1154 Alii
938 1110 1078 1174 corpure
1093 1101 1208 1175 putre·

108 1188 216 1268 facto,
231 1196 275 1268 et,
291 1197 330 1255 ut
352 1190 445 1257 addit
460 1190 644 1268 cedrenus,
663 1193 777 1274 lingna
802 1194 970 1258 vermibus
998 1197 1208 1274 scaturiente,

110 1293 252 1358 obiisse.
297 1292 398 1373 Quod
419 1313 533 1358 vereor
552 1314 595 1359 ne
615 1295 649 1358 in
672 1314 803 1359 osorem
820 1294 1022 1361 Christianae
1038 1297 1208 1379 religionis

108 1397 346 1477 imperatorem
361 1397 522 1461 iracunde
537 1398 637 1461 nimis
652 1397 780 1462 dictum
796 1400 852 1464 sit.
883 1397 983 1463 Certe
1000 1403 1010 1434 ‘
1023 1401 1160 1481 contigit
1175 1401 1208 1464 ei

110 1498 203 1582 quod
226 1498 309 1563 nulli
336 1505 414 1583 post
438 1506 536 1564 natos
562 1500 727 1578 homines,
742 1508 778 1566 ut
792 1521 869 1566 cum
892 1503 1042 1584 privatus
1057 1503 1208 1582 obiisset,

108 1600 195 1664 iuter
210 1600 321 1665 Divos
344 1601 538 1666 referretur!
583 1602 638 1667 lta
658 1602 796 1686 Eutrcp.
830 1601 1017 1686 Imperavit
1032 1605 1128 1667 aunis
1143 1623 1210 1669 non

108 1704 165 1766 25.
181 1710 221 1767 ut
236 1704 284 1768 ait
299 1704 445 1786 vulgaris
461 1704 617 1787 Epitome
630 1705 796 1783 Victoris,
809 1706 868 1771 sed
880 1706 935 1770 20.
952 1711 1092 1782 tantum,
1109 1713 1146 1771 ut
1161 1708 1209 1771 ait

108 1801 232 1871 Victor
247 1807 388 1884 Schotti,
403 1809 573 1893 ceterique
589 1809 810 1874 consentiunt.
852 1806 953 1874 Vixit
967 1828 1074 1873 annus
1090 1808 1143 1874 68.
1157 1809 1209 1872 in-

109 1911 185 1995 quit
200 1909 333 1975 Victor.
377 1910 446 1975 Sed
469 1912 627 1994 qnoniam
644 1912 877 1977 Maximianus
898 1922 1001 1977 sexto
1021 1925 1100 1977 ante
1124 1912 1208 1977 Dio-

109 2012 293 2080 cletianum
321 2033 420 2092 anno,
447 2017 555 2079 aetatis
581 2035 662 2079 uero
685 2015 894 2098 sexagesimo
917 2016 1014 2091 obiit,
1037 2021 1139 2098 atque
1160 2016 1209 2080 ita

109 2115 343 2181 Diocletianus
368 2136 435 2180 non
462 2119 528 2181 nisi
552 2117 682 2181 duobus
708 2106 1033 2182 annis'Maximiani
1058 2119 1209 2182 anteibat

12 2206 18 2214 ⁴
109 2224 255 2296 aetatem,
278 2219 427 2302 aliquam
451 2222 598 2305 objicere
621 2219 851 2286 difficultatem
876 2227 988 2304 potest
1010 2221 1107 2285 locus
1130 2218 1209 2284 Ma·

109 2322 239 2385 mertini
262 2323 296 2385 in
321 2323 499 2407 utriusque
517 2325 728 2408 imperatoris
752 2324 985 2401 Genethliaco,
1003 2325 1067 2387 'ubi
1089 2324 1208 2386 ambos

109 2423 304 2507 alloquens:
329 2429 339 2460 ‘
355 2423 442 2504 Quae
457 2425 674 2511 (similitudo)
690 2446 730 2489 no
746 2427 847 2492 etiam
862 2426 1067 2492 intervallum
1084 2433 1207 2490 vestrae

108 2527 217 2592 vincit
240 2530 360 2606 aetatis,
387 2538 423 2593 et
449 2529 612 2593 seniorem
632 2529 867 2613 junioremque
896 2528 1060 2595 charitate
1088 2535 1208 2593 mutua

107 2630 220 2694 reddit
236 2631 403 2714 aequales:
427 2638 465 2695 ut
481 2633 554 2715 jam
575 2632 658 2696 illud
681 2632 769 2696 falso
791 2631 916 2696 dictum
937 2630 993 2708 sit,
1011 2650 1076 2694 non
1098 2630 1208 2694 delec-

108 2741 180 2797 tare
195 2733 388 2797 societatem
403 2754 524 2811 rerum,
539 2735 606 2798 nisi
621 2735 704 2798 inter
721 2752 819 2817 pares
836 2753 953 2798 annos.
984 2733 1208 2814 Intelligimus
1259 2793 1267 2806 ,

109 2836 211 2913 enim,
223 2838 442 2901 sacratissimi
458 2836 648 2920 Principes,
662 2837 829 2919 geminum
846 2835 954 2913 vobis,
967 2837 1122 2918 quamvis
1139 2836 1208 2900 dis·

108 2958 210 3023 pares
226 2939 301 3002 sitis
318 2940 488 3017 aetatibun,
504 2940 617 3003 inesse
632 2935 851 3015 consensum,'
865 2941 926 3001 &c
943 2955 1021 3019 cap.
1035 2938 1068 3002 7.
1112 2938 1207 3005 Hinc

109 3042 195 3105 enim
224 3043 335 3125 colligi
360 3062 461 3126 posse
488 3042 618 3106 videtur
639 3040 749 3126 majus
772 3041 857 3104 inter
879 3040 1053 3123 utriusque
1076 3047 1207 3106 aetatem

107 3143 214 3208 fuisse
241 3166 340 3228 quam
362 3145 502 3210 duorum
529 3164 690 3208 annorum
713 3143 936 3208 intervallum.
991 3140 1209 3228 Quapropter

109 3245 374 3321 Baroniuscum
393 3268 434 3312 ex
451 3247 591 3312 Victore
611 3246 857 3310 Diocletianum
879 3244 1006 3308 vixisse
1030 3264 1135 3309 annos
1152 3247 1208 3314 68.

108 3350 145 3413 in
161 3356 322 3415 contextu
336 3351 544 3434 scripsisset,
568 3348 612 3412 ad
639 3367 730 3412 cram
754 3347 829 3411 lihri
849 3346 933 3429 legit
952 3345 1007 3411 78.
1050 3346 1208 3414 Totidem
1252 3334 1261 3359 ⁸

109 3473 219 3518 annos
233 3455 267 3518 ei
282 3454 471 3519 attribuunt
486 3451 692 3534 Pomponius
706 3451 822 3514 Laetus
837 3457 873 3512 et
886 3448 909 3513 J
912 3467 991 3524 can,
999 3449 1090 3534 Bapr·
1097 3450 1209 3534 ligna.

109 3558 189 3634 tius,
205 3557 329 3640 quibus
344 3577 406 3638 ego
422 3556 488 3620 etsi
502 3554 602 3620 facile
618 3554 793 3631 assentior,
809 3558 946 3636 propter
960 3550 1049 3615 hunc
1061 3551 1206 3617 Mamer·

108 3659 169 3724 tini
184 3659 311 3737 locum,
328 3657 486 3724 tamenin
504 3659 570 3722 hac
590 3657 765 3741 utriusque
784 3657 855 3719 vita
875 3662 1012 3720 secutus
1028 3674 1100 3719 sum
1116 3674 1207 3719 com·

108 3782 242 3827 munem
258 3762 462 3826 sententiam.

151 3865 304 3949 Uterque
334 3884 449 3947 genere
477 3862 539 3927 fuit
561 3862 710 3944 ignobili,
740 3867 871 3926 statura
894 3879 1025 3941 magna,
1052 3857 1147 3921 lirmo
1173 3865 1207 3926 et

108 3986 252 4053 procero
267 3987 418 4050 corpore,
435 3965 528 4045 uultu
544 3965 665 4028 feroci:
688 3970 829 4046 uterque
844 3963 908 4026 sub
925 3962 1036 4026 Probo
1051 3966 1083 4022 et
1097 3957 1207 4026 Aure-

106 4071 199 4136 liano
211 4071 382 4134 scientiam
396 4069 571 4133 militarem
587 4067 738 4145 edoctos,
751 4066 823 4151 pari
838 4073 979 4146 uterque
995 4064 1027 4126 in
1043 4060 1207 4130 Christia-

107 4194 172 4240 nos
188 4173 340 4255 saevitia3
358 4172 415 4254 sed
425 4171 676 4236 Diocletianum
688 4171 742 4238 vel
756 4171 866 4256 pietas
881 4169 915 4232 in
928 4165 1034 4248 Dece,
1046 4167 1097 4232 vel
1110 4169 1206 4232 aruit·
