2730 4726
292 314 383 364 vrrs
407 311 656 362 nroonnrrinr
683 315 728 361 nr
752 314 985 364 nnxrnranr.
1100 298 1187 365 1139

85 466 240 549 Belgicae
260 462 385 529 ciuitas
403 470 468 541 est,
482 463 515 527 in
536 461 676 527 Druidis
699 461 841 546 alicujus
861 481 1017 545 caupona
1035 460 1186 529 diversa-

84 579 157 644 tus
170 589 246 634 cum
261 587 302 632 aa
323 568 484 632 rationem
506 567 560 630 sui
577 566 753 632 convictus
768 566 909 639 faceret3
931 565 1004 644 illa,
1027 565 1186 632 ‘Diocle-

83 675 187 753 tiane,
203 671 343 736 nimium
358 689 492 747 avarus,
505 669 640 732 nimium
653 686 777 752 parcus
790 663 851 733 es.'
896 664 962 731 Cui
977 666 1087 734 ridens
1103 668 1187 734 Dio·

83 776 272 841 cletiauus:
295 776 306 807 ‘
320 771 418 837 Tunc
433 792 496 854 ego
510 771 636 853 largus,
648 790 725 834 cum
741 770 922 863 imperator
935 768 1053 837 suero?
1096 771 1186 835 Tum

85 878 213 943 Druis:
231 882 244 929 <‘
255 875 476 953 Diocletiane,
496 875 607 958 jocari
626 872 705 950 noli,
721 892 797 938 nam
820 872 1004 957 imperator
1021 873 1087 937 eris
1108 893 1186 938 cum

85 978 218 1064 Aprum
243 978 431 1044 occideris!
475 977 568 1043 Risit
587 977 656 1054 ille,
671 984 898 1041 verumtamen
913 974 996 1041 dieti
1010 975 1103 1041 illius
1118 996 1187 1041 me·

85 1103 173 1161 mor,
188 1083 309 1147 mirum
326 1101 429 1166 quam
450 1100 527 1146 acer
544 1079 645 1144 abeo
661 1086 810 1162 tempore
826 1086 981 1155 venator,
1003 1098 1103 1161 quam
1120 1098 1187 1144 cae-

85 1184 272 1249 dendorum
287 1203 441 1267 aprorum
456 1182 627 1250 studiosus
639 1181 738 1246 foret.
783 1180 924 1246 Interim
939 1200 1016 1245 cum
1032 1182 1187 1248 Aurelia·

83 1306 162 1366 uus,
175 1286 327 1364 Tacitus,
342 1286 486 1362 Probae,
502 1304 544 1349 ac
558 1303 660 1367 porro
673 1281 781 1348 Carus
793 1284 972 1368 imperium
985 1286 1188 1368 accepisset,

86 1388 231 1455 subinde
247 1387 436 1466 dictitabat,
457 1386 555 1469 ‘Ego
580 1405 714 1469 semper
739 1405 844 1469 apros
864 1387 994 1463 occido,
1018 1386 1078 1453 sed
1103 1388 1189 1454 alter

84 1492 190 1556 utitur
211 1488 451 1575 pulpamenta!
496 1488 587 1554 Haec
612 1509 690 1555 vera
710 1509 754 1554 an
778 1489 866 1555 salsa
882 1491 960 1569 siut,
975 1510 1041 1556 non
1056 1496 1188 1574 statu03

84 1601 175 1659 certe
190 1595 259 1658 ista
273 1594 317 1657 ab
332 1590 462 1657 Druide
477 1593 553 1676 ipsa
568 1591 743 1658 audivisse
765 1613 866 1658 avum
888 1612 987 1658 suum
1001 1593 1103 1659 refert
1119 1593 1187 1659 Vo-

84 1698 205 1782 piscus
219 1697 252 1760 in
270 1695 503 1761 Numeriano:

222 1897 267 1966 A.
276 1897 321 1964 U.
335 1896 375 1962 C.
398 1914 488 1962 ιιιιι.
526 1896 650 1963 Christi
667 1914 749 1962 ccc.
787 1898 887 1963 Decii
904 1898 992 1982 Imp.
1011 1915 1052 1964 ιι.

129 2035 182 2101 Μ.
196 2032 354 2100 Valerius
370 2034 598 2100 Maximianus
613 2027 800 2099 Herculius
821 2033 968 2098 libertini
989 2034 1090 2098 etiam
1113 2055 1190 2099 san·

86 2139 212 2221 guinis,
237 2138 350 2220 inquit
376 2137 480 2202 Joau.
505 2137 595 2222 Bap.
618 2136 790 2221 Egnatius,
817 2143 895 2202 ortu
920 2135 1056 2219 agresti,
1080 2137 1189 2223 inquit

86 2240 219 2315 Victor,
245 2240 278 2304 iu
304 2239 482 2305 Pannonia
498 2241 661 2320 nascitur,
687 2240 776 2306 haud
800 2241 902 2322 longe
928 2240 1062 2319 Sirmio,
1088 2262 1189 2326 quem

82 2344 196 2408 locum
223 2341 334 2407 adbuc
359 2347 461 2407 aetate
489 2362 552 2407 sua
575 2343 741 2426 insignem
768 2343 882 2422 tradit,
908 2343 1039 2427 palatio
1064 2345 1189 2410 ibidem

83 2451 259 2510 exstructo
283 2444 341 2509 ubi
370 2445 445 2530 ejus
474 2454 632 2530 parentes
661 2465 764 2531 opera
795 2448 1003 2513 mercenaria
1030 2466 1188 2513 exercue-

83 2555 168 2614 rant
825 2547 827 2557 '

150 2709 195 2775 A.
208 2709 303 2777 ΙΝ).
318 2728 511 2777 mxxxvii.
551 2714 913 2781 Christiccnxxxrv.
948 2712 1074 2790 (larini,
1089 2719 1126 2790 et

200 2812 400 2880 Numeriani
416 2817 526 2901 Augg.
544 2833 587 2880 ιι.
622 2817 769 2882 Dioclet.
794 2818 902 2882 AEtat
919 2831 1068 2879 xxxvi.

130 2948 370 3014 Diocletianus
385 2949 524 3015 ardebat
538 2950 644 3034 magis
665 2970 706 3016 ac
723 2951 830 3033 magis
846 2949 960 3016 studio
976 2947 1201 3035 adipiscendi¹

84 3051 229 3136 imperii,
245 3070 316 3136 quo
336 3052 468 3136 quidem
491 3073 532 3118 eo
554 3053 684 3136 dignior
704 3054 772 3118 sibi
794 3044 979 3132 videbatur,
995 3051 1087 3137 quod
1104 3051 1190 3116 alios

86 3174 132 3220 ex
152 3154 231 3218 aliis
246 3153 389 3220 honores
409 3156 579 3237 gessisset.
624 3154 731 3238 Igitur
745 3175 820 3220 euru
840 3156 1068 3220 Numerianus
1081 3155 1190 3237 impe·

85 3263 187 3336 rator,
210 3262 304 3341 patre
332 3258 367 3321 in
394 3257 532 3321 Perside
555 3276 663 3340 propa
684 3256 811 3340 Tigrim
837 3259 974 3337 amisso,
1002 3278 1022 3322 e
1049 3257 1190 3322 Persico

85 3360 181 3426 bello
206 3359 242 3424 in
269 3360 393 3426 lectica
416 3360 547 3425 rediens
579 3361 623 3425 ab
659 3360 802 3427 Arriano
832 3360 937 3446 Apro,
966 3380 1083 3426 socero
1112 3379 1188 3437 suo,

86 3465 277 3548 eodemque
308 3463 458 3547 praetorii
485 3464 646 3547 praefecto
676 3466 810 3530 occisus
833 3475 948 3546 esset3
978 3485 1013 3530 re
1035 3485 1057 3529 a
1076 3465 1190 3530 militi-

86 3570 153 3634 bus
181 3574 363 3650 comperta,
391 3566 578 3633 advocatur
606 3569 738 3647 concio,
768 3569 802 3632 in
832 3587 900 3652 qua
927 3576 963 3633 et
996 3568 1189 3651 imperator,

86 3679 121 3737 ct
158 3671 273 3759 huius
302 3672 399 3735 necis
439 3670 528 3735 ultor
569 3680 784 3755 quaereretur.
846 3671 899 3734 lbi
927 3670 1188 3745 Diocletianus,

86 3780 156 3840 tum
180 3775 439 3840 domesticorum
460 3774 669 3857 imperatoris
688 3793 813 3851 comeS,
834 3778 868 3838 et
888 3772 1027 3838 Moesiae
1051 3771 1190 3854 praesce-

87 3885 158 3955 tns,
183 3877 332 3942 omnium
355 3895 524 3941 consensu
549 3877 776 3959 proclamatur
806 3876 982 3960 Augustus
1008 3891 1074 3939 xv.
1108 3874 1187 3938 Kal.

86 3977 248 4062 Augusti.
294 3976 404 4056 Quam
420 3978 616 4064 dignitatem
631 3998 707 4043 cum
724 3981 854 4045 solenni
871 3980 912 4043 de
927 3980 1188 4061 moraaccepis·

89 4089 153 4161 set,
164 4080 350 4160 ‘Quoniam
355 4079 509 4165 jubetis,’
518 4082 637 4166 inquit,
650 4086 705 4146 ‘ut
714 4083 757 4148 de
771 4082 968 4149 Numeriani
979 4079 1189 4146 interfectore

88 4191 271 4270 quaeratur,
287 4184 459 4268 obsequar
471 4184 638 4251 voluntati
654 4186 795 4252 vestrae!
826 4187 914 4251 'l'um
931 4181 1074 4267 Aprum,
1089 4204 1187 4269 quem
