2730 4726
127 313 213 378 lale
406 363 409 370 ,
632 331 722 378 vrrs

172 571 215 636 A.
231 570 274 636 U.
287 571 327 638 C.
344 588 560 659 nexura,
579 571 702 638 Christi
719 590 935 639 cccxxxvi.
962 575 1078 642 Const.
1095 577 1187 662 Imp.

496 690 615 741 xxxr.
632 678 735 742 AEtat.
754 693 861 741 cxiv.
880 758 882 762 Α

171 794 412 860 Constantinus
429 793 630 862 Constantio
648 795 720 861 lilio
744 816 882 864 uxorem
903 797 983 880 dat;
1011 818 1088 882 quae
1118 807 1234 864 autem

126 897 185 962 illa
201 897 310 975 fuerit,
327 898 508 980 ignoratur.

156 1076 201 1142 Α.
217 1076 312 1145 U.C.
330 1095 423 1145 uxo.
446 1078 569 1144 Christi
583 1096 814 1146 cccxxxvrr.
829 1082 948 1148 Const.
962 1083 1049 1168 Imp.
1063 1099 1206 1148 xxxu.

570 1183 674 1248 AEtat.
696 1200 785 1248 cxv.

172 1298 259 1364 Cum
276 1300 518 1366 Constantinus
541 1301 707 1384 Saporem
722 1302 899 1367 Persarum
917 1323 1038 1386 rogem,
1055 1304 1235 1387 praemisso

129 1423 206 1469 cum
231 1404 380 1469 exercitu
404 1404 609 1469 Constantio
631 1414 666 1470 et
688 1407 816 1490 reliquo
839 1407 918 1470 belli
943 1415 1122 1489 apparato,
1143 1409 1234 1471 terri-

128 1511 197 1571 tum
210 1505 252 1570 ad
269 1504 448 1589 petendam
464 1526 584 1590 pacem
598 1506 779 1590 adegisset,
789 1509 865 1592 ipso
880 1508 936 1573 die
953 1508 1099 1575 Paschae
1116 1511 1235 1573 morbo

130 1615 316 1691 correptus,
332 1608 470 1672 remedii
487 1629 593 1673 causa
608 1610 833 1693 Soteropolim
849 1611 893 1674 ad
909 1631 1018 1694 aquas
1036 1611 1167 1696 calidas
1183 1618 1236 1676 est

132 1730 298 1792 egressus,
323 1712 444 1793 quibos
469 1731 537 1774 non
561 1712 830 1794 proficientibus,
847 1713 1090 1796 Helenopolim
1115 1714 1149 1778 in
1176 1714 1235 1778 Bi·

129 1812 278 1895 thyniam
293 1811 387 1889 adiit,
410 1817 447 1876 ut
469 1832 584 1877 earum
606 1829 768 1896 aquarum
785 1815 952 1880 beneficio
970 1822 1134 1881 uteretur:
1156 1815 1235 1881 iude

129 1914 331 1980 Achirooam
355 1914 567 1981 Nicomediae
593 1918 818 1982 suburbanum
841 1938 878 1982 se
903 1918 1021 1982 deferri
1041 1917 1154 2001 jubet,
1178 1920 1236 1984 ubi

129 2019 250 2103 partito
272 2017 358 2082 inter
379 2017 469 2082 filios
491 2005 644 2102 irnperio,
665 2038 784 2103 nempe
799 2018 935 2094 Galliis,
952 2018 1145 2104 Hispaniis,
1161 2019 1236 2084 Bri·

130 2121 256 2185 tanniis
281 2118 522 2200 Constantiu03
554 2120 710 2196 Thracia,
733 2120 828 2200 Asia,
852 2123 1012 2207 AEgypto,
1038 2127 1072 2186 et
1098 2120 1237 2186 Oriente

131 2223 353 2301 Constanti03
377 2222 487 2300 Italia,
504 2223 631 2302 Africa,
648 2229 682 2287 et
697 2223 833 2307 Illyrico
852 2223 1028 2290 Constanti
1050 2242 1110 2307 pro
1132 2224 1238 2289 haere-

132 2324 238 2390 ditate
263 2325 407 2404 relictis3
440 2327 527 2389 inter
556 2326 706 2389 omnium
736 2327 919 2391 astantium
950 2325 1157 2408 fletus,ipso
1183 2326 1237 2391 die

130 2424 366 2503 Pentecosten
385 2443 440 2490 xr.
458 2427 536 2492 Kal.
555 2427 578 2493 J
582 2427 661 2505 unii,
679 2429 742 2492 sub
758 2420 938 2506 meridiem,
957 2420 1103 2492 decessit
1120 2448 1139 2492 e
1156 2431 1237 2506 vita,

134 2550 223 2597 anno
238 2531 370 2616 imperii
385 2531 439 2596 32.
458 2552 534 2596 cum
560 2551 666 2596 anuos
690 2531 801 2596 aetatis
816 2532 870 2596 65.
887 2531 1103 2615 complesset.
1147 2530 1237 2596 Haec

132 2635 236 2699 ferme
260 2633 398 2699 totidem
422 2634 535 2700 verbis
560 2634 751 2712 Eusebius;
774 2634 829 2697 cui
852 2635 966 2716 potius
989 2653 1092 2716 quam
1117 2635 1239 2698 ceteris

135 2735 339 2801 credendum
356 2756 445 2801 reor.
490 2735 566 2800 Etsi
589 2743 702 2799 antem
718 2734 905 2799 Constantii
922 2734 1035 2799 Chlori
1059 2735 1188 2800 obitum
1204 2741 1239 2800 et
1263 2810 1267 2818 ¹

135 2838 350 2905 Constantini
366 2840 498 2925 imperii
512 2838 684 2904 exordium
700 2838 742 2903 ad
758 2857 812 2902 an.
829 2856 932 2901 cccv.
955 2838 1120 2921 pertinere
1137 2843 1238 2917 recte,

135 2949 173 3006 ut
194 2944 274 3008 mihi
292 2943 433 3018 videtur,
450 2944 575 3027 probat
590 2941 754 3006 Petavius
777 2939 819 3004 de
839 2940 956 3004 Doctr.
971 2940 1093 3023 Temp.
1110 2955 1169 3002 x1.
1184 2941 1239 3005 35.

136 3064 344 3111 communem
371 3053 482 3110 tamen
507 3045 650 3109 aliorum
673 3045 871 3109 sententiam
897 3048 1032 3107 secutus
1054 3061 1148 3107 sunr:
1173 3063 1240 3125 quo

135 3147 261 3212 factum
275 3155 315 3212 ut
329 3167 418 3212 anno
434 3148 546 3213 aetatis
561 3149 728 3212 tricesimo
745 3153 865 3231 quarto
888 3145 1028 3228 primum
1052 3144 1241 3228 imperasse

137 3251 232 3315 illum
246 3251 400 3328 dixerIm,
414 3271 490 3315 cum
505 3254 614 3314 tamen
635 3250 670 3314 id
696 3269 784 3314 anno
806 3253 882 3313 ante
907 3248 1090 3330 contigisse
1112 3255 1239 3330 putem,

139 3375 187 3421 ex
201 3355 341 3419 Eusebii
363 3356 453 3431 loco,
479 3354 538 3419 ubi
563 3356 609 3418 ait
623 3352 887 3429 Constantinum,
901 3370 976 3415 oum
995 3350 1040 3414 ad
1063 3351 1241 3433 imperium

139 3459 304 3544 pervenit,
330 3458 468 3523 totidem
495 3476 602 3521 annos
628 3465 754 3532 natum,
779 3461 863 3538 quot
888 3452 1003 3534 exegit
1027 3453 1063 3515 in
1089 3452 1242 3536 imperio.

141 3559 245 3640 Quod
262 3567 424 3642 superest,
440 3559 697 3625 Constantinum
713 3576 778 3621 non
792 3557 862 3620 sine
878 3554 1072 3638 suspicione
1086 3557 1207 3619 veneni
1224 3576 1245 3620 a

140 3663 298 3728 fratribus
322 3661 390 3726 dati
414 3661 585 3726 sublatum
607 3661 713 3725 luisse
736 3659 854 3725 volunt
874 3657 1037 3734 Zonaras,
1059 3655 1244 3730 Cedrenus,

141 3774 177 3832 et
191 3764 450 3846 Philostorgios.
494 3764 565 3829 Alii
587 3763 671 3827 febri
686 3763 778 3826 illum
795 3760 936 3845 periisse
952 3759 1111 3825 scribunt.
1157 3760 1244 3843 Ejus

143 3889 267 3954 corpus
289 3885 409 3949 magna
432 3885 559 3949 pompa
581 3873 614 3931 et
637 3864 841 3950 populorum
865 3862 1013 3925 omnium
1037 3861 1133 3925 luctu
1157 3860 1246 3924 Con·

145 3969 396 4052 stantinopolim
411 3967 559 4031 delatum
576 3974 640 4045 est,
658 3967 830 4048 iidemque
852 3963 996 4028 honores
1013 3963 1056 4027 ab
1073 3963 1196 4027 aulicis
1212 3964 1245 4027 ei

144 4073 278 4150 redditi,
297 4072 402 4137 donec
418 4070 638 4135 Constantius
661 4089 704 4133 ex
727 4069 863 4132 Oriente
887 4066 1012 4151 aliique
1034 4067 1108 4150 ejus
1123 4067 1185 4131 filii
1202 4069 1246 4133 ad

146 4195 318 4260 supremos
337 4175 370 4240 ei
390 4173 535 4240 honores
552 4172 736 4240 reddendos
752 4170 978 4238 advenissent.
1022 4169 1078 4235 Ita
1093 4168 1248 4236 Theodu·
1265 4179 1268 4184 ’
