2730 4726
428 314 693 364 cousruu‘rruo
718 313 807 362 suo.
844 295 954 363 x.33.
1149 296 1234 365 1461
1263 326 1265 330 ³

134 466 239 529 multo
254 462 433 548 proclivior
455 460 615 537 laedendi,
630 478 731 542 quam
754 456 1005 534 commodandi,
1029 475 1161 540 sempor
1181 464 1235 525 est

133 571 211 644 via3
234 567 405 633 vulnerare
420 565 595 645 integrum,
610 573 710 645 quam
727 561 883 625 sauciato
898 560 1046 639 mederi3
1068 558 1236 643 dissipare

133 667 240 753 apta,¹
254 688 355 753 quam
370 666 504 732 divulsa
520 683 740 749 componere:
766 664 873 727 cessit
896 670 1007 726 tamen
1032 660 1106 726 haec
1129 682 1236 728 rerum

133 774 285 837 conditio
301 769 451 852 Principi
465 772 589 831 nostro.
633 767 665 830 6.
690 764 778 831 Nam
799 764 961 848 quicquid
976 764 1056 829 mali
1072 765 1237 830 sexennio

133 883 211 942 toto
225 874 412 938 dominatio
426 871 541 935 feralis
556 868 736 945 inflixerat,
746 870 917 933 bimestris
931 867 998 931 lere
1010 874 1120 933 curam
1136 887 1237 932 sanna

133 980 196 1042 vit.
241 976 383 1042 Sauavit
398 973 501 1038 dioot
526 965 781 1051 Redintegratio
803 979 914 1035 status
938 971 1071 1054 pristini
1093 969 1235 1054 permul-

136 1077 244 1144 condo
252 1077 360 1140 dolori
370 1077 454 1139 satis
463 1082 530 1151 est,
539 1094 604 1138 non
617 1076 718 1139 etiam
733 1074 967 1139 arcessendee¹¹
983 1073 1194 1157 gratulationi
1208 1073 1242 1136 pr

133 1201 199 1245 nec
214 1179 362 1262 amplius
377 1178 540 1263 postules,
555 1197 656 1260 quam
671 1184 710 1239 ut
732 1196 808 1240 eum
831 1176 884 1239 sui
906 1196 972 1241 non
988 1177 1161 1260 prandeat,
1178 1177 1237 1260 qni
1312 1229 1314 1232 .

133 1281 241 1353 solita
263 1280 437 1364 diligentia
462 1300 529 1344 non
550 1280 674 1344 modo⁰
697 1280 732 1343 id
753 1279 832 1362 egit,
856 1288 904 1357 ut,
924 1279 1141 1362 recuperatis,
1158 1299 1236 1361 quae
1327 1301 1328 1306 ¹

134 1385 307 1462 amiserat,
332 1403 400 1463 non
426 1382 565 1460 doleret,
592 1383 652 1447 sed
679 1384 780 1450 etiam
804 1392 843 1446 ut
868 1402 1033 1447 novorum
1059 1382 1237 1466 adeptione

97 1492 104 1500 “
134 1487 304 1569 gauderet.
358 1488 391 1551 7.
412 1486 584 1551 Praetereo
611 1485 769 1568 privatim
796 1485 924 1552 reddita
949 1486 1105 1550 omnibus
1130 1485 1238 1570 patri·

130 1591 263 1668 -inonia,
280 1610 367 1672 quos
383 1590 442 1655 illa
455 1598 670 1655 monstruosa
689 1590 785 1655 labes
805 1596 957 1654 extorres
976 1586 1075 1652 domo
1090 1587 1237 1668 fecerat3

153 1792 182 1836 «ὅ
200 1792 266 1851 Quid
281 1795 333 1842 diro
343 1794 457 1842 euanuit?
472 1794 594 1843 restitutio
609 1795 636 1844 iu
644 1795 776 1858 pristinum
786 1798 877 1845 statum
887 1792 975 1860 suffieit
988 1795 1020 1843 od
1029 1795 1161 1845 knierdum
1172 1792 1238 1842 dolo*

134 1874 196 1919 rem,
206 1873 253 1907 aon
263 1861 294 1908 nd
303 1860 451 1909 inritandam
461 1860 573 1908 ioetitium
582 1865 592 1908 t

599 1987 779 2008 “MONOON

136 2100 186 2136 uns
209 2085 319 2149 probum
338 2084 397 2135 ert!
418 2085 560 2148 degon-5
577 2085 681 2134 Puteol.
704 2085 824 2135 Rharion.
847 2088 973 2150 stephan.
989 2087 1075 2136 Rivin.
1091 2103 1160 2151 quom
1175 2103 1237 2137 corrr-

135 2151 246 2207 rrrornrrdi
253 2167 265 2209 ,·
281 2151 443 2214 Guelplrerb.
460 2152 546 2201 Lirin.
562 2151 672 2201 Gruter·
688 2159 715 2201 et
738 2161 849 2203 recentt.
871 2168 941 2216 quam
956 2153 1135 2202 comumdmrdi:
1160 2155 1238 2203 ‘ree-

135 2215 182 2264 te'
210 2216 297 2266 Arrtz.
329 2217 456 2279 dieripurer
474 2222 544 2279 rupto
563 2217 624 2265 edd.
644 2223 710 2266 rett-
724 2218 750 2266 d.
774 2224 869 2282 repertu
892 2218 953 2268 vet.
978 2218 1064 2269 Lirin.
1087 2221 1112 2269 d.
1132 2227 1237 2283 repertu,

136 2295 207 2343 (μαι
217 2286 312 2344 reperta
320 2296 455 2344 componere
472 2282 556 2330 Moerl.
571 2284 596 2330 d.
613 2287 684 2344 rupto
701 2283 768 2346 conj.
780 2283 882 2332 Aeidal.
898 2285 922 2333 d.
933 2290 998 2346 apto,
1010 2283 1120 2332 Lirineii
1132 2284 1238 2348 conjec-

137 2354 233 2410 turam,
245 2347 345 2409 recepit
354 2346 453 2408 Jaeger.
469 2362 549 2396 rerum
559 2347 609 2396 lroee
618 2345 680 2395 edd.
690 2357 753 2396 aute
763 2347 853 2397 Arma.
866 2349 1004 2398 terrerum
1016 2348 1129 2414 Gnelplr.
1141 2359 1169 2398 et
1177 2351 1240 2398 Ver.

136 2412 301 2462 Puteum—ti
324 2411 441 2461 ereuan.
460 2412 585 2474 stephan.
606 2413 695 2463 Ririn.
721 2413 876 2477 inflexeruts
893 2414 955 2464 Vet.
976 2413 1087 2465 Putean.
1115 2414 1239 2480 instrum.

136 2476 250 2538 Gnelplr.
267 2477 365 2525 doloret.
400 2477 466 2525 Edd.
478 2484 539 2526 ante
552 2476 641 2526 Arntz.
657 2493 702 2526 riou
712 2483 736 2528 et
747 2480 900 2529 arcessendo.
924 2480 1021 2542 ‘Lege
1031 2483 1186 2538 moerenda,
1198 2476 1240 2530 rel

135 2543 289 2592 umente
306 2540 473 2603 gratulationi,
492 2557 543 2596 uec.
559 2546 608 2605 ipe.¹
620 2543 722 2592 Acidal.
737 2558 800 2605 ⁴non
816 2543 888 2593 etium
903 2547 1048 2594 mcerrerrdoe
1064 2544 1178 2607 Guelplr.
1193 2560 1241 2596 aon

136 2606 210 2662 dinuo
227 2609 371 2671 mcerrerdoe
388 2607 451 2656 Vet.
467 2607 579 2656 Puteum.
595 2607 698 2656 Bertin.
714 2606 803 2657 Moerl.
818 2609 918 2670 amplius
932 2609 1036 2672 postulet
1051 2610 1119 2674 conj.
1135 2606 1239 2660 Acidal.

136 2672 144 2698 ⁴
160 2671 210 2737 Qui
220 2673 291 2721 roiitn
301 2671 440 2735 diligentie]
458 2672 591 2735 Scriptura
608 2672 633 2722 h.
643 2673 663 2721 l.
678 2687 730 2721 non
748 2674 830 2722 minus
849 2673 952 2722 turbata
964 2679 1013 2730 ert,
1024 2688 1100 2738 quarn
1111 2675 1240 2738 interpre-

136 2735 214 2813 tatio.
248 2737 326 2800 cnsp.
336 2737 426 2798 habet,
436 2752 479 2785 rreo
489 2752 563 2815 amp·
568 2753 594 2802 p.
605 2754 629 2800 q.
646 2741 673 2787 ut
684 2753 737 2788 eum
751 2753 772 2787 s.
788 2754 814 2787 rr.
829 2739 953 2802 peniteat,
961 2755 984 2803 p.
995 2739 1067 2789 rolitrr
1076 2756 1123 2790 riou
1133 2740 1202 2788 modo
1211 2740 1238 2789 id

136 2804 1070 2933 idisti:ist:it:ltlittittrttt'ttt‘lttfi'tti‘tlt'tr
1084 2805 1241 2939 tuitii?

138 2929 192 2983 l'ert
209 2932 288 2981 rolito.
322 2930 405 2982 Rhen.
425 2932 515 2994 Steph.
532 2933 590 2983 Lir.
605 2933 727 2996 peniteat,
742 2934 784 2997 pui
799 2933 908 2982 solitario
923 2933 1025 2982 modoid
1034 2934 1094 2995 epit,
1106 2937 1147 2998 ipe.
1162 2942 1190 2984 et
1201 2934 1240 2988 sle

137 2997 218 3047 etiam
232 2996 308 3046 Grut.
320 3003 347 3047 et
357 2997 534 3060 Par·is.‚prior.
568 2999 652 3046 Porro
672 2997 732 3047 Pat.
748 3007 775 3047 et
795 2998 929 3053 cellarius,
943 2998 1068 3062 mitent,
1084 2999 1125 3062 qui
1138 3013 1186 3050 nort
1201 3015 1240 3050 ao·

129 3059 253 3112 'uomodo
261 3062 287 3111 id
298 3062 358 3124 egit,
369 3078 394 3111 u.
405 3077 426 3112 r.
437 3079 460 3126 p.
473 3079 496 3112 n.
506 3078 530 3112 rr.
541 3062 639 3118 doleret,
650 3066 692 3113 red
702 3063 775 3113 etium
785 3079 810 3112 rr.
821 3078 845 3112 n.
860 3063 984 3126 gauderet.
1018 3062 1117 3114 Addita
1131 3074 1172 3115 ert
1182 3065 1240 3116 lroee

139 3122 207 3178 cerr.
220 3137 295 3176 nota:
310 3127 457 3188 ‘Scriptum
468 3135 533 3185 erat,
542 3129 583 3191 qui
593 3128 701 3177 solitario
712 3130 787 3178 modo·
810 3128 862 3178 Sed
874 3126 1047 3178 necessarium
1057 3144 1103 3180 uon
1112 3129 1242 3182 Gruterus

138 3192 263 3256 agnovit:
280 3194 356 3241 sotum
367 3192 468 3242 addidit
480 3191 629 3242 Livineiur.'
661 3193 729 3242 Haeo
742 3192 821 3242 lectio
833 3208 895 3243 veru
906 3208 962 3242 erse
976 3194 1133 3250 nullomodo
1145 3203 1243 3258 potest,

135 3258 167 3324 'et
178 3258 315 3306 sententie
333 3267 424 3321 aperte
445 3266 584 3320 repugnet.
618 3257 682 3307 Cod.
693 3258 777 3307 Moerl.
790 3266 817 3307 et
829 3258 900 3309 Gnd.
916 3259 957 3322 qui
973 3259 1046 3308 eolitn
1055 3259 1183 3321 diligentia
1193 3277 1241 3314 riou

137 3325 206 3375 ruodo
216 3323 242 3371 id
251 3322 313 3386 egit,
323 3327 360 3378 ut,
376 3338 397 3371 r.
408 3339 431 3387 p.
439 3340 463 3372 n.
473 3339 498 3372 rr.
510 3325 534 3371 d.
545 3325 585 3372 red
595 3322 677 3385 etium,
687 3329 714 3373 ut
725 3324 831 3373 doiorum
842 3324 964 3387 adeptione
977 3339 1005 3385 g.
1039 3325 1104 3376 Qua
1116 3335 1240 3390 corrupta

137 3386 196 3453 'esse
208 3387 412 3451 et'luterpotata‚
424 3387 500 3437 facile
519 3385 692 3450 intelligitur!
706 3388 802 3450 Joeger.
836 3388 903 3438 Vide
916 3389 991 3438 Nott.
1002 3388 1079 3443 Varr.
1112 3390 1186 3448 Mox,
1197 3394 1239 3442 do·

137 3446 214 3507 lorum
224 3453 347 3516 adeptione
358 3454 444 3503 Murri.
458 3461 484 3502 et
497 3452 609 3516 Gnelph.
625 3467 736 3502 uovorum
751 3454 875 3516 adoptione
890 3454 1003 3518 Guelplt.
1016 3470 1031 3503 a
1042 3471 1076 3505 ru.
1088 3469 1141 3506 ree.
1154 3456 1240 3510 Lirin,
1291 3463 1293 3473 '

137 3513 225 3597 Rivin.
237 3521 263 3567 2.
276 3525 303 3568 et
314 3518 462 3583 ingen-⁷
479 3518 547 3568 Edd.
559 3527 624 3571 vett.
641 3525 773 3570 monstrum
781 3519 859 3579 ludes,¹
877 3519 1029 3584 (saeuiret
1041 3521 1101 3573 Pu.
1120 3526 1240 3572 monstru-

639 3665 749 3717 NOTAE

171 3760 178 3793 ¹
194 3760 322 3824 Dirrr'pore
334 3767 391 3826 opto
405 3761 500 3826 [rupto]
517 3762 569 3812 Alii
581 3763 672 3826 legunt
739 3769 751 3798 ¹¹
770 3764 826 3814 Nor
836 3764 909 3814 etium
921 3763 1077 3826 arcessendo]
1095 3763 1189 3813 Nonne
1200 3778 1242 3814 ra·
1261 3746 1267 3758 χ

136 3836 255 3901 dissipare
263 3842 342 3900 prrtrr.
707 3838 804 3890 riserit
822 3839 855 3890 ad
874 3840 1073 3904 gratulationem
1089 3839 1241 3902 imperatori

170 3913 468 3976 ¹¹¹liirrrertrirsereonru]
484 3913 671 3965 Videtnrcon·
706 3921 797 3964 nostro
808 3915 975 3965 merendam?

135 3991 268 4040 rustinus
278 3989 367 4040 Romae
376 3990 441 4040 duos
451 4005 552 4040 menses
562 3991 595 4040 ad
602 4006 671 4040 com·
738 4001 750 4026 ⁰
767 3993 846 4045 Solito
855 3997 881 4045 d.
892 4008 939 4043 uon
951 3991 1081 4056 [solitnrm]
1091 3991 1170 4056 nudo]
1186 3991 1242 4045 Pro

137 4064 260 4131 ponenda
272 4065 356 4116 omnia
368 4075 550 4130 commoratus,
561 4066 672 4134 indeque
706 4071 817 4135 eoquod
829 4078 871 4124 ert
880 4071 1031 4136 solummodo,
1048 4085 1098 4121 vox
1114 4070 1244 4136 portario*

136 4143 327 4208 Mediolanum,
337 4158 368 4196 ne
384 4151 444 4212 port
462 4143 489 4195 in
506 4143 674 4197 Germaniam
708 4146 743 4199 rir
756 4147 815 4203 eri.

138 4221 309 4274 conuertisse.
