2730 4726
487 331 774 382 atunerarous.
814 331 853 380 tr.
874 318 908 380 4.
1152 314 1242 382 nou

135 479 270 564 majora
285 482 375 552 sont,
393 493 469 560 quae
484 481 531 555 tu,
546 477 718 560 impartito
734 477 797 541 tibi
812 474 979 561 imperio,⁵
996 475 1071 549 vice
1086 476 1242 559 gratiae⁶⁶

136 581 279 647 retulisti
292 600 301 660 3
326 579 498 644 admittere
513 579 550 658 in
570 580 717 643 animum
735 586 837 645 tantae
853 579 1049 662 reipublicae
1064 598 1191 655 curam,
1206 583 1243 642 et

135 681 1241 766 totiusorbissatasuscipere,et,oblitumquodammodosui,gen-

135 787 230 850 tibus
246 787 382 849 viuere:
403 785 475 848 etin
485 790 550 849 tam
561 784 669 849 arduo
683 785 902 849 humanarum
919 803 1026 848 rernm
1044 790 1133 849 stare
1147 784 1243 852 fasti·

135 887 205 970 gio,
216 905 262 951 ex
273 905 342 970 quo
353 886 458 949 veluti
473 892 577 950 terras
589 905 708 951 omnes
720 895 755 950 et
768 888 874 952 maria
883 886 1066 969 despicias,
1077 886 1242 952 vicissim-

137 1009 206 1072 que
222 989 331 1053 oculis
347 1007 387 1051 oe
402 996 512 1051 mente
529 989 720 1066 collustres,
744 989 802 1052 nbi
818 991 865 1052 sit
880 995 971 1053 certa
987 988 1162 1065 serenitas,
1184 989 1244 1054 nbi

137 1092 245 1156 dnbio
256 1097 454 1172 tempestas,
471 1090 527 1172 qui
541 1089 709 1172 justitiam
725 1096 866 1154 vestram
877 1088 1016 1172 judices
1032 1090 1244 1170 aemulentur,

136 1195 197 1278 qui
213 1193 344 1258 virtutis
357 1199 477 1256 restrae
492 1192 634 1273 gloriam
649 1192 753 1256 duces
768 1199 924 1273 servent3
957 1193 990 1254 t.
1015 1192 1172 1274 accipere
1194 1194 1243 1257 in·

135 1296 362 1360 numerabiles
376 1294 523 1376 undique
546 1295 693 1374 nuntios,
719 1291 858 1360 totidem
879 1293 1037 1358 mandata
1052 1291 1243 1376 dimittere;

128 1399 180 1463 de
196 1404 246 1462 tot
260 1397 400 1461 urbibus
416 1405 450 1460 et
469 1397 663 1460 nationibus
688 1402 721 1460 et
736 1397 921 1478 provinciis
938 1397 1102 1477 cogitar03
1127 1401 1244 1461 noctes

130 1519 253 1564 omnes
273 1498 418 1582 diesque
447 1501 573 1582 perpeti
601 1494 841 1567 solicitudined
869 1518 930 1583 pro
957 1499 1106 1562 omnium
1132 1498 1243 1565 salute

136 1603 333 1684 transigere.

180 1704 273 1773 Gar.
290 1719 341 1765 ιν.
379 1703 410 1766 1.
434 1703 522 1767 Haec
553 1704 665 1767 omnia
691 1721 768 1766 cum
795 1723 816 1768 a
841 1703 941 1767 fratre
969 1703 1097 1786 optimo
1126 1702 1244 1770 oblata

134 1806 341 1890 susceperis,
370 1811 405 1873 tu
436 1803 544 1868 fecisti
575 1806 713 1880 sortiter,
744 1806 800 1869 ille
830 1806 1011 1888 sapienter.
1055 1806 1088 1869 2.
1120 1804 1243 1889 Neque

135 1909 235 1982 enim,
260 1927 338 1970 cum
353 1907 548 1989 reipublicae
565 1928 685 1972 navem
701 1908 870 1972 secundus
894 1927 915 1970 a
938 1907 1044 1992 puppi
1060 1907 1159 1970 datus
1182 1909 1246 1973 im·

136 2010 287 2095 pelleret,
318 2010 497 2073 salutarem
528 2029 663 2075 manum
694 2009 931 2091 gubernaculis
962 2007 1145 2090 addidisti3
1180 2009 1242 2075 sed
1275 2026 1281 2037 ‘

167 2190 180 2226 ὗ
195 2193 293 2244 Ascitus
303 2193 328 2243 itt
338 2197 431 2259 portem
442 2193 546 2257 imperii.
676 2199 687 2226 e
705 2192 872 2242 Grotitudisis
882 2207 960 2242 cursu.

127 2437 234 2500 sulgsrr
250 2439 311 2488 Vei.
323 2438 424 2487 Berlin.
432 2453 452 2485 r.
462 2439 632 2500 Μαῖρα-3
648 2445 656 2468 ‘
666 2440 722 2489 Vise
728 2438 828 2502 gretie]
841 2439 990 2490 Probsbaec
1000 2440 1088 2499 lectio,
1101 2453 1175 2503 qttstn
1184 2439 1241 2504 jou

134 2503 279 2553 Smroubov.
289 2504 315 2551 in
327 2505 389 2552 Ver.
404 2504 490 2551 Lectt.
503 2505 584 2552 Lirin.
597 2505 622 2552 in
636 2519 717 2568 marg.
730 2520 760 2553 ex
775 2521 821 2554 suo
830 2514 858 2554 et
870 2505 1055 2555 Bertitt.codd.
1064 2512 1222 2558 annotarunt
1233 2521 1241 2570 ς

133 2583 184 2618 nec
203 2570 287 2617 ntinus
308 2569 490 2630 cuspinianus,
503 2578 530 2618 et
551 2583 583 2616 es
600 2569 715 2619 editione
736 2573 845 2634 quadam
867 2571 1045 2634 Lugdunensi,
1055 2569 1149 2622 Jacob.
1163 2570 1242 2625 Delu

126 2634 237 2693 Boane,
250 2635 364 2696 itemque
375 2635 512 2697 cellarius,
526 2636 691 2694 evulgarunt.
726 2637 816 2685 Ceteri
828 2634 940 2684 editores
952 2635 1059 2690 babent,
1071 2647 1141 2684 merce
1150 2635 1241 2697 grstia

132 2699 249 2748 retulisti.
282 2698 416 2747 Puteanus
437 2707 547 2746 testatus
570 2707 620 2757 est,
636 2716 664 2748 se
686 2701 711 2748 in
735 2701 870 2751 codicibus
889 2701 1020 2749 veteribus
1039 2701 1174 2762 reperisse,
1191 2699 1241 2752 sice

132 2765 241 2823 gratio,-
258 2764 350 2812 multtit
368 2772 454 2812 temen
468 2765 563 2825 tegere,
574 2764 623 2811 ricc
631 2770 715 2826 grute.
750 2766 800 2814 (lui
819 2765 978 2828 conjecturae
990 2779 1145 2815 sttccurrere
1158 2765 1241 2828 possit

126 2829 201 2877 liber
224 2829 292 2876 slter
310 2828 455 2888 Gudianus,
473 2829 516 2876 ttbi
536 2837 621 2890 extet,
638 2830 689 2878 tice
704 2831 763 2890 gin,
785 2831 802 2878 i.
813 2845 838 2880 e.
860 2830 910 2878 sice
925 2831 1017 2889 grstia.
1051 2829 1155 2878 Primus
1176 2829 1242 2882 tiber

133 2893 271 2941 Gudianus
288 2901 316 2941 et
334 2903 420 2942 noster
437 2893 519 2941 codex
533 2893 639 2949 liabent,
652 2895 703 2942 sice
720 2892 822 2953 gratio.’
840 2895 971 2942 Sclrwsrz.
1006 2892 1067 2941 Vid.
1080 2893 1241 2949 Nost.Vsrr.

133 2958 252 3006 Priscam
267 2960 326 3006 lect.
336 2973 407 3007 mere
420 2958 509 3019 gretie
524 2957 655 3006 revocavit
673 2958 790 3007 Paterol.
807 2958 858 3008 uice
870 2960 947 3006 etism
961 2966 1069 3008 tuentur
1088 2959 1153 3008 Eur.
1164 2959 1240 3015 Voss.

132 3021 187 3071 Pro
206 3023 321 3085 despicies
332 3023 422 3072 Arois.
442 3024 507 3084 conj.
525 3022 714 3085 prospicias-⁴1
733 3024 859 3086 ‘Crispim
881 3024 1088 3087 timentesque
1106 3024 1242 3087 Stepb.st

133 3088 219 3136 Lirin.
237 3093 318 3136 noctes
333 3103 411 3136 omues
427 3088 522 3149 diesque
532 3090 632 3149 perpeti,
649 3087 741 3138 solicite
750 3103 793 3149 pro
808 3088 921 3149 omnium,
932 3091 974 3152 tro.
1008 3088 1142 3139 Acidalius
1154 3089 1240 3154 cottis·

132 3161 217 3212 cerat,
234 3161 279 3200 aut
288 3155 404 3214 perpetim
416 3152 551 3209 legendum
571 3167 640 3212 esse,
653 3152 721 3216 quod
741 3162 766 3200 et
779 3154 956 3203 Sebonltovius
969 3163 1118 3218 annotaret,
1130 3160 1175 3204 sut
1184 3170 1241 3220 per·

130 3219 180 3280 peti
197 3217 357 3267 solicitudine.
391 3219 424 3266 Et
438 3217 503 3265 beno
515 3219 683 3277 posteriorem
706 3219 843 3267 lectionem
859 3219 954 3282 jemin
972 3235 1019 3268 suo
1036 3228 1064 3268 et
1080 3219 1241 3275 Bertiniensi

124 3284 226 3332 codice
239 3290 391 3345 repererant
405 3282 535 3330 Liuineius
548 3289 575 3330 et
592 3282 742 3341 Puteanus;
755 3297 863 3346 eumque
876 3285 1029 3345 ertrlgsrtmt
1040 3284 1147 3334 Gruter.
1159 3294 1186 3334 et
1199 3299 1240 3333 re·

133 3349 274 3398 certiores.
309 3348 394 3397 Qttatn
408 3361 476 3396 nunc
495 3345 630 3397 ntsuiiests
642 3351 772 3412 scripturo
785 3348 884 3398 codicis
896 3350 987 3405 nostri,
999 3350 1168 3413 similiterque
1180 3349 1239 3400 libri

131 3414 241 3463 alterins
261 3411 385 3470 (ludioni,
407 3409 577 3476 conprobat?
594 3412 715 3463 Scdmarz.
750 3413 837 3463 Rivin.
855 3417 878 3465 1.
895 3414 988 3464 solicite
998 3430 1007 3474 ,·
1025 3415 1109 3465 Risin.
1120 3419 1144 3464 2.
1161 3415 1240 3468 sotici·

132 3479 227 3529 tudine.
699 3520 702 3524 s

166 3545 234 3592 Cur.
247 3555 285 3590 tt.
319 3545 335 3590 2
353 3541 489 3590 Editiones
500 3547 559 3589 sote
571 3540 650 3591 Grnt.
667 3558 683 3591 o
696 3542 770 3607 puppi
779 3542 861 3606 ,dutus
875 3543 1000 3606 impleret:
1019 3551 1045 3591 st
1060 3542 1239 3594 heracleotis

132 3607 176 3657 ed.
188 3623 227 3673 pr.
240 3608 349 3657 retinuit
361 3607 447 3656 [lirin.
463 3622 478 3654 o
492 3622 520 3671 p.
530 3605 555 3667 f.
571 3607 700 3672 impelleret
712 3609 777 3657 Exc.
789 3609 936 3659 Scbonbot.
949 3609 1009 3658 Vet.
1018 3609 1120 3658 liertin.
1129 3609 1239 3674 Cuspio.

635 3772 742 3823 NO'l'AE

162 3893 174 3919 ⁰
195 3883 252 3933 Vico
261 3882 363 3946 gretie]
375 3883 419 3932 Its
430 3885 530 3933 restitui
541 3899 573 3933 ex
586 3885 664 3933 Vien-
705 3884 780 3933 deret
791 3886 899 3948 siit-ujus
912 3885 1008 3936 codicis
1021 3883 1171 3935 atteteritur.

130 3961 204 4010 nensi
217 3968 244 4008 et
257 3959 416 4006 Bertioieusi
428 3959 573 4015 codicibus,
586 3967 665 4024 etque
736 3960 747 3994 θ
765 3963 865 4025 Perpeti
876 3960 1038 4024 solicitudine]
1056 3959 1087 4008 ld
1100 3965 1149 4024 est,
1160 3962 1236 4024 ‘per-

130 4038 168 4084 ita
190 4034 286 4098 legitur
309 4033 336 4083 in
354 4033 466 4082 editione
487 4034 665 4098 Lugdunensi.
704 4036 803 4101 petuo?
831 4037 957 4087 Plautio
973 4034 1237 4098 Amphitr.‘lbicoe·

130 4112 163 4161 lu
182 4111 240 4159 aliis
258 4108 413 4159 editionibus
424 4119 473 4171 est,
488 4111 665 4173 meroegrntt'oe·
704 4113 773 4169 nevi,
788 4121 868 4176 atque
884 4112 918 4164 ibi
936 4110 1022 4177 quieti
1038 4111 1063 4160 itr
1081 4112 1141 4163 nati
1158 4120 1219 4166 noct

132 4189 261 4253 legerem
280 4186 532 4251 lubens‚sicegroto,
549 4188 570 4238 si
589 4201 664 4239 ecce·
706 4188 829 4254 perpeti.’
1211 4206 1216 4215 ¹
