2730 4726
400 359 490 407 vrrs
515 338 571 408 r'u.
589 356 748 407 cntueri
772 331 943 408 Jun'rrur.
1138 344 1224 413 1499

126 508 279 591 spiritum
311 511 438 570 tumore
467 506 642 569 cohibente
672 524 838 581 venarum,
866 510 967 588 epota
995 505 1107 587 gelida
1137 526 1225 590 aqua

127 631 232 695 quam
247 610 350 694 petiit,
366 609 475 673 medio
491 610 601 671 noctis
616 604 737 670 defecit
756 625 846 669 anno
869 607 980 670 aetatis
994 605 1060 671 323
1075 628 1149 672 cum
1168 629 1226 672 an·

126 734 206 776 num
223 733 325 777 unum
347 719 380 776 et
402 730 533 776 menses
549 711 679 774 circiter
693 716 822 793 septem
838 710 881 772 ab
897 711 1044 774 extincto
1060 709 1225 776 Constan-

127 816 177 878 tio
194 816 407 898 imperasset.
453 813 541 876 Haec
556 810 770 875 Ammianus.
816 810 970 876 Ceterum
986 813 1085 897 hujus
1101 834 1225 897 eorpus

127 916 269 980 Tarsum
294 916 422 980 Ciliciae
448 914 593 978 delatum
618 928 741 995 magna
769 914 969 997 populorum
996 925 1125 981 mortuo
1151 919 1228 982 illu-

128 1019 277 1081 dentium
307 1019 531 1095 cavillatione,
557 1017 672 1100 ibique
698 1017 868 1081 conditum
898 1023 961 1091 est,
986 1020 1020 1081 si
1046 1018 1226 1084 Ammiano

129 1121 319 1184 credimus:
342 1122 371 1184 si
386 1140 466 1184 vero
482 1118 645 1201 Gregorio
662 1112 884 1184 Nazianzeno
908 1119 994 1185 fides
1017 1128 1118 1198 esta
1141 1128 1229 1187 terra

128 1225 220 1306 ipsa,
235 1244 334 1306 quam
348 1224 508 1289 Julianus
529 1222 709 1287 sceleribus
731 1223 803 1286 suis
821 1221 1017 1304 inquinaret,
1033 1243 1229 1305 excussum,

130 1328 164 1391 in
179 1346 269 1391 mare
283 1327 468 1412 projectum
483 1334 547 1390 est.

176 1429 254 1493 Fuit
269 1429 447 1494 excellenti
461 1432 494 1492 et
509 1446 655 1503 amoeno,
680 1425 738 1491 sed
762 1425 840 1503 levi,
858 1425 962 1505 vafro,
977 1447 1065 1492 vana
1081 1429 1230 1494 Deorum
1254 1415 1258 1421 ’

130 1533 369 1615 superstitione
381 1539 416 1595 et
426 1531 566 1613 magicis
578 1530 704 1594 artibus
720 1529 906 1612 depravato
921 1530 1066 1612 ingenio,
1078 1532 1231 1614 philoso-

130 1635 266 1718 phicam
300 1635 470 1719 quandam
499 1637 696 1718 gravitatem
726 1634 898 1712 affectans,
933 1654 974 1699 ac
1004 1637 1231 1724 sophistarum

132 1757 232 1820 grege
254 1757 384 1822 semper
406 1739 561 1820 stipatus.
605 1737 722 1801 Homo
744 1739 870 1819 loquax
894 1745 928 1801 et
951 1740 1081 1803 scurrili
1105 1739 1233 1804 dicaci·

130 1850 218 1916 tate,
234 1860 274 1906 ac
291 1840 447 1924 populari
462 1861 553 1906 aurae
569 1849 695 1923 praeter
711 1841 847 1904 modum
861 1842 1019 1905 serviens.
1042 1843 1098 1907 Ita
1114 1860 1232 1926 super-

132 1945 300 2020 stitiosus,
316 1950 353 2009 ut
367 1945 466 2007 etiam
480 1943 503 2008 J
506 1943 650 2006 amblioo
674 1942 888 2026 philosopho,
909 1965 1005 2027 quem
1028 1945 1232 2010 Mercurium

134 2047 339 2129 appellabat,
356 2053 516 2131 tanquam
533 2044 746 2112 Nloomediae
761 2045 898 2111 tutelari
913 2047 988 2110 Deo
1002 2047 1134 2112 faceret.
1168 2048 1233 2112 Ce-

132 2158 241 2213 terum
266 2150 358 2213 omni
377 2150 543 2214 literarum
566 2167 682 2232 genere
703 2149 969 2229 errcultiasimns,¹
986 2170 1027 2214 ao
1048 2151 1168 2232 linguae
1184 2153 1232 2216 in-

132 2253 248 2337 primis
270 2250 404 2316 Graecae
429 2252 659 2334 peritissimus,
675 2252 826 2316 liberalis
852 2268 966 2334 opum,
989 2235 1093 2316 luxus
1115 2259 1148 2316 et
1172 2273 1233 2317 vo·

133 2355 302 2439 luptaturu
328 2361 525 2430 contemtor,
548 2354 630 2418 belli
653 2363 688 2419 et
715 2356 810 2438 pacis
833 2356 959 2418 artibus
982 2362 1162 2438 praestans,
1184 2356 1233 2422 la-

133 2459 226 2522 boris
240 2463 275 2520 et
289 2459 408 2521 inediae
425 2457 566 2539 patiens,
581 2456 678 2534 felix,
690 2458 816 2541 justus
833 2464 1057 2543 praeterquam
1070 2458 1104 2521 in
1121 2458 1235 2523 Chris-

134 2562 262 2637 tianos,
285 2577 370 2644 quos
395 2561 483 2624 omni
507 2578 625 2642 genere
651 2561 860 2625 crudelitatis
885 2562 1042 2638 vexabat,
1062 2561 1234 2630 literarum

133 2665 408 2747 literatorumque
422 2665 683 2744 amantissimus,
697 2665 762 2730 nisi
778 2664 808 2729 si
825 2663 1005 2730 Christiani
1019 2664 1136 2730 forent.
