2730 4726
157 309 246 377 1196
442 319 666 372 minuamur
691 318 987 372 anuarumaous

155 467 189 518 ln
208 467 260 518 nna
279 465 408 517 rationem
428 463 506 517 affert
527 477 575 516 car
592 480 625 517 ex
647 464 757 515 infinitis
773 465 959 531 imperatorum
977 462 1117 516 virtutibus
1134 463 1183 513 has
1199 463 1266 514 duas

192 547 353 613 potissimum
365 546 483 610 elegerit,
495 561 559 612 quas
570 546 744 598 Genethlinos
753 545 798 597 ills
807 547 923 597 oratioue
934 544 1142 597 commendaret:
1157 550 1165 573 ¹
1177 544 1270 608 Quia,’

192 629 287 694 inquit,
298 630 305 656 ‘
315 636 412 678 ceterae
421 629 543 691 virtuter,
556 635 584 677 ut
595 624 734 690 tortitudo,
746 627 917 691 continentia,
924 627 1041 691 justitia,
1054 624 1193 690 sapientis,
1207 640 1266 691 pro·

108 712 113 718 '
192 723 268 758 cassu
280 708 366 758 aetatis
375 708 498 757 eveniunt
509 715 525 758 τ’
535 707 598 757 solas
611 710 668 758 curu
681 707 847 757 nascentibus
860 708 958 770 pariter
969 707 1089 757 emuntur
1100 707 1198 770 pietas,
1209 705 1266 756 fell·

190 786 325 853 citusque!
359 787 498 837 Concludit
514 787 606 837 eadem
623 789 752 837 sententis
764 802 815 852 qua
827 788 972 852 inceperat,
988 782 1144 844 felicitatem
1155 786 1226 836 illam
1238 794 1268 837 et

191 869 316 932 pietatem
332 874 468 933 acceptam
484 865 578 917 referri
594 873 718 930 oportere
737 867 850 930 iptorum
866 867 1006 917 natalibus.
1040 866 1081 916 Ad
1094 867 1211 916 ultimum
1222 881 1268 916 na·

192 951 276 1000 salem
297 949 431 999 uictoriam
451 947 575 997 ambobus
596 955 764 1013 apprecatur,
784 962 835 1013 qus
854 947 933 1012 digus
953 955 995 999 est
1015 948 1151 1012 utriunque
1171 947 1270 1012 pietas,

192 1043 270 1097 qnam
281 1035 410 1094 praestare
421 1033 510 1093 potest
523 1025 647 1090 felicitas,
659 1038 717 1090 cap.
730 1040 790 1077 ω.

160 1230 249 1297 Cae.
278 1246 303 1296 r.
341 1230 374 1294 1.
403 1201 555 1295 Onuns
583 1230 719 1314 quidem
745 1229 910 1309 homines,
937 1228 1163 1295 sacratissime
1196 1229 1266 1297 Im·

159 1338 302 1417 perator,
328 1332 387 1417 qui
415 1331 588 1417 majestati
616 1337 739 1397 vestrae
768 1331 888 1397 laudes
917 1339 1053 1410 canunt,
1079 1339 1113 1396 et
1139 1333 1267 1414 gratias

160 1442 276 1518 agunt,
298 1433 446 1498 debitum
466 1432 568 1497 vobis'
585 1440 749 1498 conantur
771 1433 972 1499 exsolvere:
1003 1434 1080 1516 quis
1102 1433 1192 1500 enim
1214 1442 1269 1499 est

159 1537 219 1621 qui
234 1541 352 1620 posset
373 1533 536 1617 implerel
559 1534 671 1600 sentio
686 1542 811 1614 tamen,
828 1554 849 1599 a
863 1555 920 1599 me
931 1537 1101 1619 praecipue
1116 1535 1181 1599 hnc
1197 1537 1267 1620 piae

159 1637 255 1704 vocis
275 1636 423 1701 officinm
438 1635 514 1720 jure
535 1638 683 1722 quodam
704 1637 916 1702 sacrosancti
932 1638 1072 1702 foenoria
1091 1636 1272 1721 postulari,
1333 1706 1335 1711 ,

159 1744 199 1804 ni
220 1739 493 1822 expectationem
514 1740 675 1804 sermonis
695 1739 780 1823 ejus,
799 1760 898 1824 quem
918 1740 987 1804 tuis
1009 1741 1269 1823 quinquennali·

160 1842 245 1905 bus·
259 1860 538 1926 praeparaveram,
548 1843 613 1907 hac
628 1842 752 1924 gemini
763 1839 908 1915 natalisl
921 1842 1162 1926 praedicatione
1173 1862 1269 1907 com·

623 1986 805 2011 “euoenon

192 2070 278 2135 Hujus
290 2072 391 2134 Paneg.
402 2070 505 2130 Titulus
516 2071 554 2122 sic
570 2072 667 2137 legitur
677 2072 703 2123 iu
713 2074 791 2127 codd.
809 2075 842 2125 P.
850 2072 954 2136 ejusdem
967 2071 1137 2124 Genetlalioeus
1148 2063 1280 2125 mantnt?

133 2189 135 2193 ,
160 2135 244 2186 oniA.
255 2141 279 2187 et
294 2136 445 2186 Diocletiani.
462 2137 523 2185 Vid.
534 2137 612 2188 Nott.
627 2137 702 2188 Varr.

194 2201 262 2250 Car.
274 2214 293 2249 r.
311 2205 324 2248 l
337 2201 446 2250 ‘Variat
465 2201 521 2250 haec
532 2203 698 2266 compellatio
710 2203 735 2252 lu
748 2203 855 2266 scriptis
864 2201 1019 2265 emensisque
1030 2200 1111 2251 libris.
1144 2199 1270 2250 Puteola·

159 2277 218 2325 nus,
228 2265 260 2312 B.
273 2264 422 2320 ereuauns,
434 2266 543 2322 Nerine,
563 2267 599 2316 Η.
618 2267 777 2329 Stephanus,
798 2267 908 2317 Riviuus
923 2268 1031 2328 habeut,
1048 2279 1115 2315 sacer
1127 2265 1271 2330 imperator.

160 2327 250 2378 Ceteri
269 2328 386 2388 edidere,
403 2330 562 2379 meinaim
580 2331 730 2393 Imperator,
746 2340 824 2396 prout
841 2333 920 2381 etiam
933 2333 958 2381 in
974 2329 1035 2381 meo'
1050 2330 1142 2380 codice
1159 2330 1269 2394 legitur.

71 2437 77 2449 ,
160 2391 238 2442 Alter
248 2392 315 2442 liber
326 2393 462 2443 Gudianus
480 2409 513 2444 en
532 2395 583 2444 alio
594 2396 705 2460 quodam
723 2398 814 2447 codice
826 2397 879 2446 Ma.
897 2404 1048 2446 annotatum
1070 2394 1168 2458 prodit,
1186 2410 1271 2444 mero·

159 2455 249 2505 tissimi
260 2457 425 2520 imperotores.
443 2459 509 2509 Qua
520 2461 687 2523 compellatio
699 2463 780 2524 magis
790 2464 930 2511 convenire
940 2461 1060 2510 videatur
1074 2475 1132 2508 cum
1144 2459 1270 2521 proximis

161 2520 257 2577 verbio,
271 2522 361 2570 Omnes
369 2522 461 2586 quidem
472 2523 586 2586 homines,
593 2526 753 2575 sacratissimi
761 2527 927 2588 Imperatores,
934 2526 975 2588 qui
986 2525 1107 2586 mensurati
1119 2529 1207 2573 oestro
1217 2525 1271 2574 lurs-

160 2586 202 2637 aaa
211 2591 308 2642 meunt,
319 2588 360 2649 isc.
394 2587 445 2636 Sed
457 2588 520 2636 ninii
533 2588 703 2638 mutandum!
715 2590 834 2639 Seium.
852 2591 923 2639 Pith.
935 2605 977 2653 ap.
985 2589 1098 2638 Putean.
1109 2587 1270 2638 annuerunt

161 2650 337 2713 Imperatorem
355 2650 393 2701 sic
402 2666 502 2715 quoquae
511 2653 577 2702 Eae.
586 2653 663 2704 Voss.
680 2655 774 2703 medem
786 2659 872 2704 conant
884 2653 961 2704 codd.
973 2654 1103 2703 Sclrwarz.
1114 2661 1144 2701 et
1154 2652 1270 2714 Guelplt.

160 2716 357 2766 narentanorum
368 2717 434 2766 Exn.
444 2717 520 2766 Vasa.
536 2717 626 2767 ‘Alias
637 2719 664 2768 in
672 2719 790 2769 omuibus
803 2722 903 2768 excusis
912 2719 984 2768 libris
992 2718 1222 2782 legebatur,sentio
1233 2723 1272 2766 ta·

160 2780 244 2842 meme
254 2795 290 2830 me
300 2780 343 2830 loc
350 2781 468 2844 precipue
477 2787 579 2845 tempore
589 2783 632 2832 laon
641 2783 689 2848 pie
695 2784 758 2832 uocis
765 2783 875 2850 officium,
882 2786 923 2847 isc.
940 2782 993 2833 Sed
1007 2797 1091 2844 uoces,
1101 2783 1145 2832 ltoe
1156 2788 1271 2847 tempore,

160 2844 188 2895 in
196 2859 254 2895 meo
266 2846 357 2896 codice
369 2862 418 2895 non
431 2847 569 2910 leguntur3
583 2847 673 2898 abesse
685 2849 763 2898 etiam
776 2850 809 2897 ab
817 2848 872 2896 aliis
884 2847 1024 2908 codicibus,
1034 2855 1184 2897 annotatum
1194 2857 1237 2898 est
1243 2848 1271 2896 in

161 2916 273 2976 utroque
284 2911 351 2962 libro
362 2911 494 2963 Gudiauo.
528 2913 563 2964 Et
575 2914 642 2964 bene
658 2913 751 2965 abesse
769 2920 893 2979 possunt3
911 2914 998 2970 immo,
1009 2914 1058 2962 uisi
1070 2911 1157 2976 fallor,
1174 2912 1269 2963 abesse

657 3038 771 3091 Nom

194 3141 207 3169 ⁸
224 3134 281 3184 l'uir
298 3133 523 3199 quinquennalibus]
541 3136 693 3201 Quinquen·
734 3139 880 3203 quennium,
891 3133 1269 3203 postdeoenuium,indealiud

161 3212 269 3273 uallum,
280 3213 465 3270 decennalium,
477 3213 651 3265 vicennalium
666 3221 695 3266 et
734 3213 889 3264 decennium
904 3215 1021 3278 ejusdem
1035 3215 1145 3263 decreto
1161 3220 1270 3262 senatus

162 3288 343 3338 tricennalium
366 3289 497 3339 institutio
518 3289 551 3339 ab
573 3290 694 3354 Augusto
735 3291 854 3340 accessit.
893 3289 968 3340 Adeo
997 3297 1026 3339 ut
1054 3295 1136 3338 totum
1163 3287 1270 3355 imperii

161 3364 293 3424 manavit3
311 3365 344 3413 de
356 3380 405 3429 qno
417 3365 453 3415 ita
465 3366 517 3415 Dio
532 3365 577 3415 lib.
588 3379 649 3416 aru.
661 3366 694 3418 Α.
734 3373 834 3430 tempus
853 3381 900 3430 per
913 3367 1089 3431 quinquennia
1100 3372 1128 3415 et
1138 3364 1270 3415 decennia

162 3440 197 3491 tt.
215 3440 244 3489 C.
261 3444 319 3489 itt.
343 3440 477 3504 Augustus
495 3442 637 3492 orationem
650 3443 694 3492 lra-
735 3441 918 3492 conficeretur.
951 3443 1036 3496 eram
1054 3443 1088 3491 ob
1106 3454 1211 3491 causam
1231 3441 1271 3490 in·

162 3515 220 3566 buit
232 3516 258 3565 in
269 3524 371 3579 senatu,
380 3531 430 3582 qua
439 3531 466 3566 se
475 3517 610 3581 imparium
623 3517 695 3568 abdi·
734 3520 799 3584 quit,
807 3519 964 3582 posteriores
975 3533 1079 3584 quoqne
1088 3519 1271 3581 imperatores,

162 3608 223 3644 cere
236 3593 302 3641 velle
316 3606 370 3654 praa
383 3607 410 3642 se
423 3591 695 3654 tulit‚sedreolamau·
736 3594 785 3643 etsi
803 3608 852 3643 uun
871 3593 903 3642 ad
923 3601 1023 3643 certum
1046 3601 1157 3654 tempus,
1176 3592 1222 3641 sed
1242 3592 1270 3641 iu

162 3669 234 3719 tibus
262 3668 388 3717 universis
416 3667 550 3731 imperium
579 3669 695 3718 retinere
735 3684 836 3719 omnem
860 3670 938 3719 vitam
964 3669 1198 3731 constituerentur,
1224 3682 1272 3733 per

161 3735 285 3796 videlicet
304 3752 420 3801 coactus,
432 3744 557 3793 ordinatis
573 3744 696 3794 distribu-
736 3744 862 3795 decennia
877 3747 995 3796 solennes
1007 3745 1062 3795 dies
1078 3745 1201 3809 agebant,
1213 3753 1271 3795 tan·

163 3820 248 3885 tisque
273 3816 424 3884 provinciis,
449 3825 604 3882 potestatem
632 3820 698 3883 reip.
737 3836 814 3887 qnam
834 3817 936 3885 imperii
955 3834 1049 3870 uorum
1068 3821 1169 3870 initium
1190 3835 1272 3886 ospe-

163 3895 354 3948 c‘onsiitueudoe
366 3896 392 3945 in
410 3894 561 3965 decennium
573 3896 697 3959 suscepit,
737 3899 806 3961 rent,
813 3896 880 3964 quod
891 3888 1056 3961 usqueh'odie
1063 3895 1117 3945 lieri
1127 3897 1274 3947 consuevit.

163 3971 294 4037 professus
310 3972 380 4035 ae,sl
398 3971 697 4036 prouinciaspncnreci·
737 3974 781 4024 Ita
807 3972 889 4022 refert
915 3987 949 4022 ea
974 3972 1061 4022 Dione
1087 3973 1215 4024 Petavius
1236 3972 1272 4024 de

164 4049 216 4100 tlu's
229 4050 327 4112 posset,
338 4048 448 4114 imperio
466 4062 607 4098 cessurum.
641 4048 696 4113 De·
737 4047 1017 4111 Doct.Temp.1r.89.

164 4124 256 4175 counio
267 4124 395 4186 confecto,
407 4124 608 4190 quinquennium
625 4123 695 4173 aliud
769 4123 897 4173 bGema'ui
906 4122 1006 4186 notulis]
1022 4122 1054 4172 In
1072 4123 1137 4172 actis
1148 4123 1272 4174 Marcelli

164 4198 299 4249 decretum
308 4206 358 4256 est,
367 4214 417 4265 qno
429 4201 532 4252 evoluto
543 4198 612 4252 eliud
621 4199 696 4265 quiu·
737 4200 894 4252 centurionis
905 4201 954 4251 sub
970 4199 1134 4251 Diocletiano
1145 4207 1175 4251 et
1184 4199 1272 4253 Mani-
