2730 4726
125 279 212 346 llas
442 291 605 345 uszrart
629 292 901 346 runscunrcus

127 460 276 511 aerumna
290 441 472 524 persuasit.
514 442 547 506 5.
570 441 690 525 Itaque
704 461 771 506 uon
794 442 873 527 plus
891 460 937 506 ex
950 460 992 508 eo
1007 442 1124 510 laudis
1136 443 1229 512 forti·

127 546 233 613 tudini
258 551 326 610 tnae
346 544 477 623 datum,
502 565 603 628 quam
627 546 752 628 pietati
773 547 931 613 tributum
953 552 1015 624 est,
1029 548 1136 632 quod,
1151 548 1230 616 dnm

128 650 295 715 scelestos
323 649 549 732 persequeris,
577 649 721 713 miseros
751 649 913 716 liberasti.
968 650 1004 715 6.
1037 649 1231 717 constituta

127 753 227 829 enim,
250 757 286 815 et
309 751 342 814 iu
366 757 568 833 perpetuom
591 749 701 815 Roma
725 750 867 816 fundata
892 756 955 828 est,
976 752 1150 830 omnibus,
1173 754 1231 838 qui

127 858 252 922 statum
267 852 342 936 ejus
356 852 562 917 labefactare
575 860 743 935 poterant,
759 872 837 918 cum
852 854 976 939 stirpe‘
989 853 1125 919 deletis.

171 957 264 1021 Car.
284 971 354 1019 vrr.
398 954 431 1020 l.
455 953 537 1019 Non
560 955 660 1036 enim,
684 957 743 1039 qui
767 955 933 1021 bellorum
956 962 1102 1023 eventus
1124 957 1232 1024 solent

127 1079 215 1137 esse,
230 1078 289 1142 per
302 1057 411 1123 varios
427 1063 463 1122 et
475 1056 645 1122 volubiles
659 1050 868 1123 easus‘Mars
881 1057 1006 1123 dubius
1021 1058 1158 1138 erravit,
1170 1079 1233 1125 nec

127 1163 270 1227 fortunae
285 1159 492 1236 vicissitudo,
506 1180 583 1242 quae
607 1160 805 1244 plerumque
827 1159 1001 1245 prosperis
1015 1160 1124 1226 rebus
1139 1163 1233 1229 triste

128 1261 258 1346 aliquid
273 1263 468 1344 agglutinat,
483 1263 648 1326 victorum
663 1262 820 1327 laetitiam
837 1262 1050 1340 vulnerariis
1062 1264 1133 1330 sed-
1144 1271 1234 1331 tanta

127 1365 277 1430 hostiurn
293 1372 329 1430 et
344 1371 412 1430 tam
423 1365 538 1448 ampla
549 1363 677 1442 cedes,
690 1371 759 1428 tam
770 1364 854 1430 felix
864 1372 898 1429 et
908 1365 1080 1430 incruenta
1093 1367 1233 1433 victoria

128 1469 203 1546 fnit,
218 1474 255 1532 ut
269 1468 399 1547 credas,
413 1487 481 1532 non
496 1467 587 1532 bello
611 1467 753 1550 ancipiti
769 1467 976 1547 dimicatum,
991 1466 1053 1533 sed
1066 1470 1162 1534 solas
1175 1470 1234 1535 im·

128 1571 262 1654 piorum
291 1589 412 1653 poenas
442 1572 624 1653 expetitas.
667 1571 701 1634 2.
723 1569 870 1637 Tantum
896 1571 999 1635 etiam
1024 1569 1115 1635 inter
1143 1589 1234 1639 anna

129 1673 221 1738 bona
235 1672 443 1737 conscientia
458 1674 522 1737 sibi
538 1673 700 1751 vindicat,
714 1681 754 1738 ut
764 1672 837 1756 jam
854 1672 1000 1757 coeperit
1017 1690 1086 1736 non
1102 1672 1233 1739 virtutis

128 1776 250 1857 magis,
266 1793 367 1860 quam
390 1775 603 1858 integritatis,
619 1794 697 1839 esse
721 1773 889 1839 victoria!
930 1773 965 1839 3.
986 1773 1135 1858 Spectat
1148 1773 1232 1839 enirn

128 1897 194 1943 nos
208 1897 252 1942 ex
267 1877 339 1942 alto
354 1897 460 1941 rerum
477 1877 602 1942 arbiter
618 1877 725 1954 Dens,
741 1883 789 1954 et,
803 1875 957 1958 quamvis
975 1875 1134 1942 humanae
1150 1894 1234 1942 men·

131 1986 184 2043 tes
198 1978 381 2064 profundos
397 1988 514 2062 gerant
525 1980 769 2062 cogitationum
780 1997 950 2059 recessus,
959 1978 1108 2045 insinuat
1122 1987 1234 2045 tamen

130 2100 204 2145 sese
219 2088 322 2148 totam
338 2079 543 2148 scrutatores
564 2083 757 2162 Divinitas3
779 2101 842 2146 nec
864 2080 937 2147 fieri
952 2087 1077 2163 potest,
1093 2087 1145 2159 ut,
1161 2101 1234 2146 cum

57 2251 63 2264 ,
131 2184 297 2266 spiritum,
313 2205 414 2269 quem
427 2185 593 2260 ducimus,
604 2204 680 2250 cum
696 2190 746 2250 tot
760 2181 951 2261 commoda,
963 2182 1091 2267 quibus
1106 2184 1235 2262 alimur,

132 2285 284 2350 divinum
299 2287 398 2351 nobis
412 2306 533 2351 numen
548 2288 733 2370 impartiat,
750 2292 909 2351 terrarum
931 2303 970 2349 se
993 2283 1084 2349 curis
1101 2285 1234 2350 abdica·

131 2387 227 2460 verit,
252 2406 314 2451 nec
340 2388 424 2452 inter
447 2407 561 2452 eornm
588 2389 676 2454 vites
701 2386 1041 2472 dijudicet,'quorum
1071 2388 1235 2452 utilitates

131 2489 316 2570 gubernat.·'
358 2492 392 2555 4.
414 2489 482 2555 Illa
496 2490 597 2574 igitur
612 2491 676 2569 viS,
688 2491 746 2555 illa
756 2488 933 2573 majestas,
946 2487 1039 2553 fandi
1050 2507 1092 2554 ac
1102 2489 1236 2555 nefandi

163 2683 178 2717 8
195 2674 329 2723 Adversum
340 2673 460 2738 quippiam
473 2675 587 2725 admiscet
593 2676 698 2734 fortuna
710 2691 762 2741 qua
773 2675 831 2725 solet
842 2672 970 2725 admiscere
986 2672 1109 2741 prosperis
1120 2671 1236 2746 quippiam

131 2739 266 2799 adversum,
280 2741 385 2802 eorrupit
394 2741 485 2800 gaudia
495 2741 619 2790 victorum.

164 2802 178 2836 ¹¹
200 2806 234 2853 Ut
245 2820 292 2853 sou
302 2810 352 2853 tum
357 2805 511 2862 fortitudini,
522 2821 590 2869 quom
600 2806 716 2868 probitati
727 2804 861 2855 tribuenda.

165 2867 173 2900 ¹
190 2871 243 2919 Nee
252 2869 379 2919 dismiures
389 2873 460 2934 ponat
472 2871 625 2921 interserunt
638 2871 738 2926 animus,
750 2883 850 2934 quorum
860 2867 1007 2918 utilitatibus
1017 2867 1110 2920 studet.

168 3081 234 3130 Cur.
253 3091 305 3128 vir.
334 3083 346 3126 l
366 3078 483 3128 erenan.
502 3079 593 3142 steph.
609 3077 695 3129 Lirin.
713 3077 799 3128 Riviu.
816 3079 876 3129 solet
889 3092 958 3136 esser
974 3079 1038 3128 Vel.
1052 3077 1169 3129 Putearr.
1181 3079 1238 3130 l'et.

134 3146 219 3196 Livia.
230 3144 331 3193 Berlin.
343 3145 448 3206 Cuspio.
460 3145 539 3195 Grnt.
556 3152 583 3193 et
596 3152 709 3193 receutt.
726 3145 802 3192 solent
817 3157 875 3193 erse.
909 3145 982 3200 Mox,
993 3143 1068 3192 maris
1078 3143 1167 3194 dubius
1179 3146 1238 3195 Cus-

135 3212 190 3274 pin.
203 3210 320 3259 Rhenan.
338 3210 430 3271 Stepb.
446 3210 532 3259 Rivin.
550 3215 573 3258 l.
606 3210 677 3258 Mars
687 3208 775 3257 dubius
785 3210 846 3258 Vet·
857 3210 972 3259 Putean.
988 3209 1051 3258 item
1063 3223 1078 3256 e
1091 3210 1238 3272 conjecturs

134 3275 230 3333 Dirai,
254 3275 338 3324 Lirin.
359 3274 437 3323 Grnt.
453 3282 481 3324 et
501 3282 614 3324 recentt.
634 3276 670 3323 ita
688 3288 791 3337 quoqne
812 3274 879 3335 conj.
899 3272 1000 3323 Acidal.
1020 3273 1154 3336 probante
1172 3274 1238 3336 Lipr.

134 3341 219 3403 Epist.
240 3341 339 3390 ernst·
357 3353 396 3388 rv.
410 3343 451 3388 27.
468 3342 541 3389 sotum
558 3340 615 3404 imp.
633 3353 716 3387 manus
734 3339 821 3388 Moerl.
842 3338 904 3386 solos
921 3339 980 3401 imp·
996 3352 1082 3386 manus
1093 3339 1239 3401 Guelpb-

134 3408 150 3454 8
169 3404 222 3453 Pro
237 3409 321 3463 totam,
333 3404 417 3452 Lirin.
428 3406 495 3468 conj.
504 3419 590 3454 coram.
624 3404 723 3453 Eodem
736 3403 811 3451 modo
823 3401 932 3464 conjicit
944 3402 1072 3451 Ritterslr.
1083 3404 1119 3452 sd
1130 3405 1240 3454 Sutrino·

136 3470 170 3519 de
184 3469 302 3520 Guberu.
313 3469 364 3517 Dei
377 3483 403 3531 p.
417 3473 472 3518 171.
485 3468 552 3532 qrrod
565 3482 654 3531 parurn
667 3470 755 3531 placet
767 3466 896 3517 Acidalio.
929 3467 998 3517 Edd.
1014 3473 1082 3516 uett.
1096 3475 1195 3519 semota
1204 3469 1238 3517 di·

134 3535 241 3592 vinitos3
259 3535 322 3582 Vet.
342 3533 452 3582 Puteau.
471 3534 573 3584 Berlin.
588 3534 692 3594 cuspin.
710 3538 846 3581 scrutatore
858 3531 992 3588 diviuitasr
1008 3533 1070 3580 Vet·
1081 3533 1169 3584 Livia.
1180 3534 1239 3582 Exc-

135 3601 219 3661 Lang.
237 3604 359 3648 smatura
372 3599 493 3649 diviuitas.
521 3599 591 3646 Vide
609 3598 686 3648 Nott.
699 3599 775 3647 Varr.
810 3599 885 3657 Mox,
901 3597 990 3646 utimur
1000 3595 1076 3646 deest
1089 3599 1115 3645 in
1129 3598 1239 3661 Guelpb.

136 3664 203 3713 uobis
214 3666 289 3713 tumea
302 3664 417 3712 erenan.
430 3663 520 3724 Steph.
535 3665 617 3712 Livia.
629 3663 715 3712 erin.
727 3663 888 3712 uobisnumcn
896 3661 1077 3711 Vet.Putean.
1086 3663 1151 3712 Vet.
1161 3664 1240 3714 Lirin.

137 3729 240 3781 Berlin.
256 3729 370 3794 Grrelpb.
382 3730 447 3780 Eae.
460 3729 603 3779 Schonbor.
615 3727 723 3792 Cuspin.
733 3728 811 3779 Grut.
824 3735 852 3778 et
863 3733 1072 3783 recentarium
1083 3727 1240 3791 etiamesrj.

633 3856 741 3908 NOTAE

169 3967 181 3993 ⁰
202 3959 262 4007 Cum
273 3957 362 4022 stirpe]
379 3955 498 4020 Intelllge
511 3956 544 4006 de
555 3959 665 4008 Mssxtn·
706 3972 827 4018 turiseo
852 3938 987 4018 intritnrs.
1019 3964 1098 4016 Infra
1123 3979 1187 4032 esp.
1201 3972 1240 4018 aa

138 4034 176 4085 tio
187 4048 245 4083 rum
258 4033 368 4083 Romulo
386 4032 438 4083 tilio
451 4035 476 4082 in
490 4048 521 4082 ea
532 4034 605 4084 clade
615 4049 666 4084 cre·
706 4043 798 4094 ‘arrad
812 4050 969 4106 pugnantem
980 4056 1057 4092 nemo
1067 4045 1204 4107 servaret‚'
1216 4045 1240 4094 id

135 4126 176 4161 so·
192 4113 235 4161 De
247 4110 422 4175 quosupraln
434 4111 534 4174 Paneg.
546 4114 667 4161 lxm-18·
708 4125 757 4178 est,
777 4119 933 4173 intueretur.
975 4117 1029 4169 Alii
1046 4125 1136 4170 tumen
1153 4122 1241 4186 legunt

171 4184 343 4236 ‘Scrutatura
365 4186 514 4252 [servatura]
535 4186 666 4238 Observa·
707 4200 851 4246 mutatura.
1041 4190 1048 4201 '
