2730 4726
255 677 561 787 CLAUDII
615 676 1046 785 MAMERTINI

107 985 604 1080 PANEGYRICUS
654 983 1195 1080 GENETHLIACUS

207 1208 547 1355 ΜᾸΧΙΜΙΑΝΟ
588 1275 844 1357 AUGUSTO
887 1258 1102 1354 DicTUS.

507 1550 813 1565 m

435 1794 617 1844 sinopsts
642 1795 893 1846 FANEGYRlGl.

104 1909 141 1959 ΙΙ
152 1909 275 1960 Ἐιοτάἰο
294 1911 421 1960 rationem
439 1908 515 1960 affert
533 1926 580 1960 cnr
598 1911 797 1962 Genethliaoum
816 1914 948 1977 utriusqus
966 1913 1128 1978 imperatoris
1139 1913 1207 1968 cele,

136 1989 207 2054 brat,
223 2004 317 2055 nempe
329 1990 397 2056 quoti
410 1991 552 2041 orationem
568 1983 626 2041 cnm
646 1992 798 2041 Maximiani
815 1993 1057 2057 qainqnennslibos,
1072 2000 1150 2057 prout
1162 2006 1208 2040 ro·

104 2075 107 2081 '
137 2077 214 2120 rarat
225 2070 322 2120 babere
334 2085 384 2121 non
396 2072 534 2135 potnisset,
550 2071 617 2120 broc
632 2070 758 2134 religione
774 2070 857 2121 debiti
874 2080 1063 2136 repraesentare
1078 2075 1210 2143 teneatur,

136 2156 169 2201 et
181 2150 313 2216 utrimque
330 2151 497 2217 imperotoris
513 2151 626 2203 natalem
645 2150 714 2202 diem
731 2149 898 2208 celebrando,
916 2152 988 2217 qnasi
1004 2153 1093 2217 sliqrro
1107 2142 1207 2211 loeoore

103 2277 109 2287 .
135 2244 182 2285 ent
197 2244 379 2295 componore,
392 2231 437 2297 qoi
451 2233 595 2284 orationem
614 2246 632 2283 a
645 2245 675 2281 se
690 2230 882 2294 aspectabant
900 2240 955 2284 torn
970 2233 1030 2297 qnia
1043 2233 1167 2284 illustrior
1181 2230 1208 2281 si

135 2310 244 2362 videtur
252 2311 323 2376 dies,
339 2315 382 2377 qnl
401 2313 574 2378 imperotores
587 2313 614 2362 in
628 2312 714 2362 lacem
729 2312 848 2376 protulit,
866 2327 941 2375 qoam
957 2312 1023 2372 dies,
1042 2326 1092 2376 qno
1104 2309 1208 2375 imperil

136 2393 256 2460 suspicis
275 2400 432 2442 sumserunt.
466 2393 519 2442 Hio
538 2393 700 2442 celeritatem
719 2392 877 2458 laudatque
897 2393 949 2446 Del
965 2393 1015 2454 soi,
1032 2392 1059 2441 ld
1076 2398 1126 2447 est,
1141 2393 1208 2442 alter

102 2471 106 2477 ’
135 2471 223 2534 doris,
241 2471 309 2522 alter
325 2471 447 2523 Herculis
466 2472 588 2537 exemplo
606 2471 753 2536 provincias
770 2472 875 2523 dissitas
894 2481 1027 2525 momento
1042 2473 1209 2537 perlustrant,

134 2563 198 2614 op·
218 2565 251 2606 it.
278 2565 326 2616 per
348 2551 595 2616 praetermissionem
621 2552 707 2602 sarias
733 2552 870 2617 utriusque
897 2552 1021 2609 ristoriss
1047 2553 1211 2617 perstringit,

105 2668 109 2674 .
133 2645 235 2696 capv-

103 2714 312 2765 normanno:
328 2713 353 2763 1.
367 2713 559 2777 Imperatorum
570 2712 666 2779 pietas.
683 2712 724 2766 11.
740 2711 889 2765 Eorundem
900 2711 1023 2763 tellenas.

101 2792 127 2847 1.
145 2792 231 2847 Pane.
248 2794 338 2846 Pietas
352 2793 380 2845 in
392 2793 471 2852 Deos.
487 2792 613 2845 adversos
626 2793 788 2850 seinvicem,
802 2807 834 2842 eo
850 2791 993 2844 mirabilior
1008 2789 1078 2859 qnod
1088 2789 1209 2858 dividens

136 2873 199 2925 dom
214 2873 341 2927 baberent
358 2881 442 2925 torum
458 2882 586 2927 terraram
606 2859 707 2935 orbem,
723 2887 783 2936 cap.
793 2885 836 2925 vt·
867 2871 945 2931 Quod
963 2868 1075 2934 sterque
1090 2872 1208 2934 eiusde·

137 2953 229 3018 gloriae
241 2956 313 3004 velut
328 2956 424 3018 aemuli,
443 2955 511 3020 qrrod
531 2957 563 3004 ad
579 2970 704 3004 summum
721 2954 826 3005 honoris
845 2953 969 3003 verticem
987 2954 1077 3003 eadem
1093 2954 1134 3004 via
1150 2962 1206 3004 ten-

136 3035 241 3097 derent,
252 3034 322 3101 quod
339 3043 366 3085 et
378 3037 488 3086 diversae
502 3036 589 3100 stirpis
600 3045 629 3085 et
639 3035 768 3087 dissimilis
781 3036 868 3085 aetatis
880 3033 978 3098 forent,
989 3050 1046 3100 oap.
1058 3049 1108 3085 vit.
1137 3037 1207 3088 Hine

136 3113 236 3166 ssetnm
256 3130 313 3165 ssss
332 3118 378 3171 sit,
396 3121 426 3165 ot
446 3117 627 3168 Diocletianus
645 3132 679 3167 ex
697 3117 819 3177 Oriente,
836 3116 1011 3167 Maximianon
1030 3130 1046 3165 e
1066 3117 1208 3168 Germanis

137 3197 239 3260 lryemia
257 3204 375 3260 tempore
392 3211 439 3260 psr
457 3197 537 3261 Alpes
549 3199 651 3248 nisibus
663 3207 770 3260 opertas
781 3198 962 3247 Mediolanum
975 3197 1008 3246 ed
1024 3206 1140 3248 mutuom
1155 3201 1207 3250 eol-

105 3301 110 3308 ·
137 3277 252 3342 loquium
263 3276 419 3334 advolat-int,
436 3291 494 3342 esp.
505 3292 568 3327 vrit.
602 3280 679 3329 Hanc
695 3279 859 3328 celeritatem
878 3277 979 3327 confert
996 3291 1054 3328 cnm
1073 3279 1208 3331 eeleritate

106 3380 110 3385 ·
136 3357 293 3408 Hannibalis
305 3358 332 3406 in
344 3357 446 3407 ltaliam
463 3360 645 3422 properantis:
662 3374 719 3409 onrn
737 3374 769 3409 eo
781 3365 867 3407 tamen
880 3357 1036 3414 discrimine,
1052 3357 1120 3425 quod
1134 3358 1206 3407 Han·

137 3436 233 3486 tribalis
250 3436 378 3487 adventus
397 3439 488 3502 plenus
506 3447 575 3488 esset
593 3441 710 3504 terroris,
727 3441 795 3489 alter
813 3453 874 3488 vero
890 3438 1008 3487 seintsrla
1021 3439 1207 3505 jocundusque

104 3541 108 3547 ·
135 3517 263 3574 omnibus,
285 3533 340 3586 cap.
358 3531 399 3568 ιι.
439 3519 612 3584 Triumphalis
633 3520 819 3585 imperatorum
840 3519 940 3573 reditus
962 3519 1126 3584 describitur,
1147 3535 1205 3587 cap.

139 3611 205 3649 xrri.
600 3634 603 3641 r
652 3633 654 3641 .

101 3678 144 3730 11.
161 3680 246 3731 Pana.
262 3677 369 3730 Transit
383 3678 414 3728 ad
432 3680 565 3748 utriusque
584 3680 748 3745 imperatoris
765 3677 915 3730 t‘slicitstem
929 3693 1005 3745 qnam
1018 3681 1043 3728 io
1055 3694 1087 3730 eo
1098 3692 1206 3746 preser-

137 3762 184 3815 tim
196 3761 306 3825 positsm
319 3761 375 3813 ait:
397 3761 420 3814 1.
437 3761 475 3812 Ut
490 3777 522 3815 ex
539 3777 692 3834 quocunqne
712 3763 783 3834 orbis
797 3769 872 3829 parte
891 3761 923 3811 sd
941 3761 1076 3812 visendam
1092 3761 1161 3815 inter
1177 3775 1208 3814 sa

136 3842 208 3896 coire
219 3842 302 3906 possit
312 3842 408 3907 absque
420 3844 553 3896 turbarum
564 3851 644 3900 metri,
655 3857 715 3909 esp.
727 3856 788 3896 xta.
821 3843 861 3896 11.
876 3842 910 3894 In
920 3841 989 3910 airis
999 3841 1163 3902 salubritate,
1179 3841 1208 3895 lu

137 3936 259 3988 agrorum
279 3921 399 3974 obertate
422 3936 470 3993 per
491 3922 662 3987 imperatores
677 3916 817 3986 restituta.
834 3937 892 3987 dap·
907 3935 955 3975 xv·
988 3919 1092 3973 111.1n
1110 3922 1205 3974 secori-

138 4008 194 4052 tate
210 4016 226 4050 a
243 4001 362 4051 barbaris
379 4001 512 4069 pentibus,
529 4018 589 4068 quaa
605 4003 711 4055 interim
728 4003 826 4055 mirtuis
843 4017 902 4055 sese
921 3999 1038 4054 alodibus
1052 3997 1207 4064 affligerent,

137 4097 197 4145 eso·
215 4094 276 4135 xri.
294 4095 358 4156 qnos
377 4095 513 4137 successes
535 4083 720 4150 imperatorem
737 4083 847 4151 pietatis
867 4082 906 4137 ait
923 4079 1039 4136 frontum
1059 4096 1129 4149 aare,
1146 4097 1206 4151 rap¹

140 4175 227 4219 mli·
