2730 4726
127 333 214 405 loro
280 345 456 400 urrunnu.
478 344 593 399 onor.
615 343 700 397 unu.
723 344 806 396 rur..
829 344 920 397 uuo.
957 344 1014 396 xr.
1029 327 1088 397 32.

128 497 241 569 anime
256 493 440 571 deiecerit,⁰
452 497 668 559 monumenta
682 489 731 555 tui
753 491 787 556 iu
805 510 861 557 me
884 490 1042 558 beneficii
1056 509 1230 575 permane·

127 600 220 666 bunt.
248 597 281 663 3.
295 596 335 661 ln
346 594 520 660 reserenda
534 599 647 659 autern
659 592 793 676 gretie?
804 594 1019 660 sanctissime
1029 594 1228 678 Imperator,

127 703 192 775 hoo
207 700 270 767 tibi
284 698 459 784 polliceor,
476 715 674 782 semperque
689 697 873 781 praestabo,
889 696 972 762 mihi
981 698 1147 782 neque-in
1160 716 1232 780 suge

128 803 282 892 gerendis
298 801 450 869 consiliis
465 801 654 879 veritatem,
668 816 779 884 neque
803 800 838 864 in
858 800 1036 877 adeundis,
1052 800 1084 866 si
1106 821 1162 866 res
1175 821 1229 885 po·

127 904 288 995 posuerit,
311 903 470 988 perieulis
493 902 652 981 animum,
666 921 775 987 neque
795 903 832 967 in
850 906 1016 969 sententia
1033 905 1229 988 simpliciter

127 1008 266 1084 ferendo
279 1007 390 1085 iidem,
406 1025 516 1090 neque
530 1005 564 1070 iu
579 1005 749 1072 hominurn
772 1008 1000 1073 voluntatibus
1023 1027 1088 1092 pro
1114 1009 1228 1092 repub·

128 1111 198 1181 lion
220 1119 320 1196 teque
342 1108 505 1174 iaedendis
522 1109 723 1189 libertatem,
744 1129 854 1194 neque
875 1109 910 1174 iu
928 1108 1109 1175 laboribus
1129 1111 1227 1194 perse·

127 1214 243 1281 tondis
258 1213 471 1290 industriam,
486 1232 595 1298 neque
610 1213 645 1278 in
659 1213 823 1296 augendis
834 1213 966 1296 imperii
976 1213 1028 1277 tui
1045 1213 1228 1279 commodis

128 1317 214 1402 groti
238 1315 341 1382 enimi
361 1313 629 1380 benevolentiam
657 1314 865 1396 defuturum
901 1316 1004 1400 idque
1033 1316 1128 1381 omni
1158 1317 1226 1382 vitae

128 1438 215 1485 moue
229 1424 378 1501 tempore
403 1412 542 1482 su'mmis
566 1418 688 1501 opibus
704 1418 894 1494 enixurum,
910 1418 1174 1494 elaboraturum,
1187 1417 1227 1482 of·

128 1520 304 1598 sectorum,
318 1526 354 1584 ui
367 1519 508 1584 honores
522 1520 557 1583 iu
573 1541 628 1586 me
648 1522 698 1587 tui
716 1541 794 1600 uon,
810 1522 890 1607 quio
902 1541 1047 1587 neeesse
1060 1521 1176 1598 fuerit,
1190 1521 1227 1592 ad

129 1641 376 1708 quemeumque
402 1621 517 1701 deleti,
538 1623 612 1702 sed,
627 1625 705 1707 quin
725 1626 776 1691 ita
792 1627 989 1710 oportuerit,
1003 1633 1103 1693 reete
1119 1627 1227 1713 positi,

130 1733 165 1793 et
179 1725 310 1793 ratione
325 1725 484 1792 collocati
499 1746 576 1792 esse
591 1727 776 1794 videantur.

588 1893 770 1915 000000000000

129 1986 296 2047 declarabitur,
296 1985 479 2099 fornoneium,
490 1984 589 2035 omissio
602 1984 821 2036 intermedie—8
831 1985 976 2049 ingerendo
985 1989 1066 2035 mem
1077 1987 1228 2049 magistrare,

129 2053 278 2102 ooneiiooine
312 2066 357 2114 nup.
374 2051 443 2114 conj.
463 2050 566 2101 Aeidoi.
596 2052 690 2101 ‘Mnie
708 2051 822 2115 Gueiph·
837 2065 910 2114 uque
925 2052 951 2100 in
967 2051 1117 2101 audiendis)
1145 2052 1226 2101 Arnon

131 2116 215 2168 Pouio
224 2123 295 2180 'poen
311 2122 379 2179 ioque
390 2116 465 2165 deest
482 2117 506 2164 in
519 2115 605 2167 Moeri.
617 2123 644 2168 et
655 2116 768 2182 Gueipir.
785 2117 841 2180 quio
852 2117 983 2180 meruerit
993 2116 1055 2166 edd.
1067 2123 1171 2168 tautum
1182 2132 1227 2166 uon

131 2196 238 2242 omum
262 2182 322 2244 quoii
338 2183 374 2230 iio
390 2181 520 2244 oportuerit
544 2182 646 2231 Bertin.
670 2182 726 2246 quio
743 2181 779 2232 iio
793 2182 925 2248 operuerit
947 2181 1009 2232 Vei.
1036 2181 1126 2233 Lirin.
1148 2183 1228 2234 Moeri.

131 2247 201 2299 Gud.
211 2254 239 2298 et
250 2247 347 2311 ieger.
363 2250 387 2296 et
397 2247 490 2296 rationo
501 2247 583 2297 eoiluii
593 2247 708 2312 Gueiph.

627 2377 654 2428 N
657 2377 735 2428 01¹AE

163 2483 176 2509 ⁰
192 2476 253 2524 Com
268 2474 347 2524 unimu
361 2473 486 2538 defecerit]
501 2473 533 2524 Iu
545 2475 660 2525 editione
701 2482 756 2527 tum
777 2475 851 2534 iilud,
871 2480 902 2525 ut
923 2475 965 2524 rei
989 2473 1107 2526 omnium
1129 2475 1227 2527 minime

131 2553 252 2605 Puteono
274 2555 324 2613 est,
348 2566 364 2600 o
384 2566 421 2600 me
441 2552 520 2601 animo
540 2551 661 2611 offecerit.
701 2553 809 2603 oculatis
827 2549 1228 2617 potet,excieeroninn10ro·

113 2621 207 2678 ‘Duos
219 2627 324 2676 voculae
336 2628 448 2690 expunxi
462 2642 520 2676 eum
534 2626 661 2677 Acidalio.
702 2629 771 2679 lione
784 2636 844 2694 pout
855 2626 976 2680 Reditum
991 2627 1026 2678 ari
1044 2629 1173 2691 Quirites,
1186 2629 1227 2682 iub

131 2705 163 2756 ln
176 2704 233 2754 uiiio
245 2711 294 2765 eor,
309 2718 362 2752 cum
373 2718 409 2752 me
419 2703 499 2752 onimo
508 2701 628 2763 defecerit.
647 2707 649 2711 ’
700 2704 787 2757 finem.

164 2789 177 2823 Ρ
194 2780 225 2830 lo
239 2780 363 2840 referendo
377 2786 457 2831 uorem
471 2779 565 2844 gratio]
588 2781 661 2831 Sum·
