2730 4726
297 311 530 363 nanniano
557 312 602 359 nn
626 296 1060 360 consuanu1no.v1.ld.
1144 298 1229 364 1341

126 488 231 555 quam
246 467 408 547 videmus
423 467 512 531 filius
527 465 648 530 similis
663 471 817 549 aspectu,
832 465 952 529 similis
962 467 1086 545 auimo,
1099 486 1159 551 par
1171 467 1231 530 im·

128 572 215 656 perii
230 570 416 654 majestate.
460 569 492 632 6.
518 567 704 632 Inviderint
724 567 803 631 licet
824 568 933 645 uobis,
948 568 1031 631 nihil
1048 576 1158 633 tamen
1172 590 1231 633 au-

126 675 215 738 ferre
236 672 349 737 domui
372 677 440 736 tuae
456 671 532 740 sata
546 674 742 753 potueruut.
788 668 866 735 Nec
891 669 1105 738 Maximiano
1130 671 1232 748 filius,

128 775 244 858 qualis
258 782 296 838 tu
307 793 393 852 eras,
404 792 466 838 nea
479 771 697 837 Constantino
708 777 808 852 pater
820 770 925 834 deest.
963 773 996 836 7.
1013 771 1104 850 Quin
1117 776 1230 850 etiam,

127 882 169 940 ut
181 877 334 941 omnibus
346 875 458 940 modis
472 880 531 939 tua
544 871 757 938 necessitudo
774 879 960 951 renovetur,
975 893 1092 938 rursus
1106 876 1161 940 hic
1178 898 1231 941 so·

128 998 199 1058 cer,
214 997 328 1042 rursus
343 977 399 1042 hic
419 995 516 1060 gener
530 981 594 1048 est,
610 982 647 1041 ut
664 975 878 1040 beatissimus
901 974 1085 1059 Imperator
1101 997 1232 1062 semper

128 1100 177 1145 ex
195 1088 253 1145 tua
265 1080 385 1145 sobole
401 1080 580 1164 nepotibus
594 1084 768 1161 augeatur.

573 1257 772 1286 ,oeoueneeeo

127 1365 143 1408 5
162 1357 250 1408 Verba
271 1357 358 1406 similia
375 1363 469 1419 aspecta
489 1358 582 1406 desunt
602 1357 627 1404 in
649 1357 734 1409 Moeu.
753 1363 781 1406 et
799 1355 869 1405 Gud.
903 1356 1064 1420 ‘volgatum
1079 1362 1233 1424 tueturipse

129 1433 225 1472 auctor
236 1435 280 1470 ιιι.
291 1426 315 1470 8.
329 1422 372 1471 nbi
386 1420 463 1470 vide.'
480 1422 566 1472 Arata.
599 1421 720 1484 ‘Imperii
733 1422 859 1485 potestate]
878 1421 964 1470 Moert.
976 1432 1002 1472 et
1016 1423 1084 1473 Gud.
1103 1426 1233 1489 majestate,

128 1488 200 1550 qnod
213 1501 264 1535 non
276 1484 470 1548 spernendum!
486 1488 577 1548 Jaeger.
611 1488 619 1515 ⁴
633 1487 749 1548 Ideoque
766 1488 793 1534 in
813 1493 918 1540 textum
934 1487 1040 1550 recepi?
1054 1488 1192 1540 Arata-6
1208 1493 1232 1541 Ι,

128 1554 187 1602 ticet
202 1556 228 1600 te
246 1553 312 1600 nadis
328 1552 396 1614 conj.
409 1553 516 1600 Ritters.
531 1552 597 1599 uobis
609 1550 711 1600 Acidut.
729 1552 762 1601 Te
773 1551 902 1600 inviderint
914 1551 969 1601 licet
984 1553 1050 1601 nobis
1064 1553 1154 1602 Arutz.
1168 1559 1232 1606 domi

128 1622 181 1665 taae
196 1615 281 1665 Riviu.
292 1623 319 1664 et
331 1616 391 1664 edd.
403 1624 463 1666 inte
475 1615 697 1665 &undamentum
709 1616 743 1663 ul.
755 1630 797 1678 up.
807 1617 990 1667 Rhenum-Vet-
999 1618 1110 1668 Puteuu.
1119 1619 1233 1685 Guelph.

127 1681 233 1732 Bortin-
245 1681 352 1745 Cnspiu.
363 1682 441 1734 Grut.
453 1687 480 1731 et
490 1688 600 1731 retonat.
620 1680 798 1731 Maximinianae
808 1680 922 1746 Guelph.
