2730 4726
196 284 286 354 ms
494 279 496 283 ’
521 296 680 346 rucunrr
706 295 977 347 enunciamus

197 444 307 520 Deus,
324 462 400 525 quse
416 448 486 506 taur
502 461 652 525 pensans
670 441 803 508 hortata
821 449 874 506 est
891 441 1065 526 majestas,
1082 450 1131 524 ut,
1144 444 1299 510 omnibus

197 549 266 617 iere
281 545 348 611 tuis
364 545 545 608 comitibus
567 550 602 608 et
615 540 784 623 ducibus,i
805 564 871 609 uon
893 545 1003 610 solam
1021 546 1126 611 tacite
1147 564 1299 612 mussan-

192 645 312 727 tibus)
335 647 394 712 sed
414 647 518 711 ctiam
535 655 654 730 aperte
676 647 882 727 timentibus,
897 653 1014 714 contra
1035 647 1178 712 consilia
1192 649 1301 714 homi·

198 772 289 830 uum,
304 755 422 815 contra
443 750 635 833 aruspicum
655 746 806 827 monita,¹¹
830 749 985 834 ipseper
996 756 1098 816 mmet
1112 749 1300 818 liberandae

199 853 293 919 urbis
307 857 440 936 tempus
453 852 582 916 venisse
597 852 762 917 sentirest
805 853 839 916 5.
863 851 899 917 H
904 854 986 917 abes
994 853 1154 936 'praeca
1167 854 1301 939 aliquid

199 975 276 1022 cum
296 955 355 1020 illa
371 959 486 1018 mente
509 953 636 1033 divina,
657 952 890 1033 Constantine,
910 960 1090 1034 secretum,
1105 957 1300 1040 metele-

200 1065 281 1141 gata
294 1055 400 1120 nostri
413 1055 492 1121 Diis
503 1057 689 1121 minoribus
702 1054 815 1135 cura!
827 1058 883 1121 uui
897 1074 934 1122 se
945 1057 1007 1122 tibi
1016 1057 1176 1140 dignatur
1189 1068 1302 1128 m

199 1161 290 1225 dere.
333 1155 511 1242 Alioquin,
537 1157 720 1223 fortissime
750 1158 949 1243 Imperator,
973 1159 1025 1225 sic
1051 1179 1200 1244 quoque,
1227 1181 1303 1227 cum

199 1262 334 1339 viceris,
348 1259 451 1325 redde
464 1260 637 1326 rationem.
667 1263 701 1328 6.
717 1260 876 1327 Rhenum
890 1267 927 1326 tu
942 1262 1091 1347 quidem,
1107 1268 1182 1328 toto
1197 1263 1304 1329 limite

200 1365 381 1447 dispositis
400 1363 616 1441 exercitibus,
632 1369 742 1428 tutum
755 1361 977 1448 reliqueras3¹
1000 1363 1063 1429 sed
1077 1365 1144 1429 hoc
1159 1364 1304 1449 majores
1343 1355 1349 1372 '

201 1486 266 1551 pro
292 1474 325 1531 te
349 1465 564 1550 suscepimus
584 1475 710 1544 metus,
730 1465 822 1550 quod
846 1467 944 1531 nobis
960 1468 1088 1550 potius,
1108 1487 1214 1552 quam
1230 1470 1305 1548 tibi,

202 1567 421 1650 consulebas;
437 1574 651 1652 nostramque
667 1587 789 1652 pacem
805 1569 925 1652 magis,
939 1589 1043 1653 quam
1056 1569 1196 1650 bellum,
1212 1571 1306 1654 quod

201 1670 448 1753 aggrediebare,
465 1671 670 1736 firmaveras.

234 1851 249 1898 Ι
263 1853 323 1910 Que
333 1869 386 1906 eum
397 1855 476 1906 nostri
485 1870 567 1906 euram
577 1853 638 1906 Diis
648 1855 777 1905 miaoriiru
786 1853 927 1934 committat.

665 1976 843 2003 neuneuoo

204 2082 291 2132 Moeri.
309 2089 337 2132 et
357 2081 383 2131 in
402 2082 463 2132 edd.
483 2081 579 2131 vieno.
596 2080 674 2132 Grai.
692 2086 720 2131 et
737 2079 799 2131 edd.
817 2083 981 2145 recenttert
999 2080 1083 2132 Liria.
1097 2085 1183 2146 potens
1196 2080 1309 2139 boneta:

205 2147 265 2196 Ver.
276 2148 382 2210 Cuspio.
395 2148 513 2197 Rtrenen.
525 2146 559 2196 ri.
574 2161 679 2210 praseae
696 2147 799 2197 bortata.
834 2146 908 2203 Mau,
918 2147 960 2195 sed
970 2161 1037 2195 orara
1047 2152 1128 2210 aperte
1139 2146 1261 2197 Rbeoea.
1272 2145 1308 2196 Η.

205 2211 298 2274 Steph.
311 2214 394 2262 Rivin.
405 2214 438 2261 at.
450 2217 514 2262 vett.
529 2213 570 2260 sed
587 2227 678 2260 omrem
693 2217 775 2276 aperte
792 2211 877 2260 Liria.
894 2213 936 2260 sed
946 2212 1019 2260 etiam
1028 2216 1110 2274 aperte
1121 2208 1183 2260 Vet-
1194 2212 1310 2262 Putesa.

205 2277 328 2328 vatican.
340 2277 399 2326 Vet.
411 2277 495 2326 Lirin.
512 2276 614 2325 Bertin.
635 2277 743 2339 Cuspio.
763 2277 828 2326 Eue.
847 2276 995 2326 senonum.
1013 2276 1101 2325 Moeri.
1120 2276 1154 2324 P.
1171 2277 1266 2340 steph.
1282 2283 1310 2326 et

206 2348 319 2390 recenti.
352 2340 421 2390 Vide
434 2341 517 2391 Liria.
535 2340 568 2389 ad
586 2341 656 2390 Ptin.
675 2342 775 2405 Paneg.
785 2353 894 2391 uxum.
905 2344 929 2391 7.
945 2346 1028 2390 eontra
1043 2340 1176 2404 capicium
1191 2341 1309 2391 Rhenau.

205 2404 242 2455 H.
253 2406 343 2468 Steph.
355 2406 442 2455 Livia.
462 2408 494 2454 al.
511 2413 575 2454 vett.
587 2414 615 2455 et
626 2406 712 2455 Riuin.
727 2423 749 2455 c.
763 2406 923 2468 haruspicium
933 2406 996 2454 ver.
1007 2405 1116 2456 Patean.
1131 2421 1154 2454 a.
1166 2407 1310 2469 aruspicium

205 2470 268 2518 Ver.
281 2470 364 2519 Liria.
377 2471 482 2534 Cuspin.
499 2469 531 2518 P.
543 2471 632 2533 Steph.
643 2478 671 2520 et
683 2471 753 2521 edd„
762 2469 922 2521 recensa-⁵
940 2469 976 2519 H.
991 2485 1018 2534 p.
1034 2471 1130 2534 aliquod
1143 2473 1214 2534 conj.
1226 2472 1310 2520 Livia.

207 2537 309 2597 recepit
322 2536 400 2586 Grut.
418 2549 527 2600 eumque
539 2536 622 2585 secuti
633 2543 693 2584 sunt
704 2537 747 2585 aiii
760 2550 839 2598 usque
853 2536 885 2585 ad
899 2536 992 2584 Arata.
1018 2535 1053 2584 H.
1069 2552 1095 2601 p.
1114 2535 1207 2598 aliquid
1224 2550 1311 2584 omnes

207 2600 284 2650 codd.
295 2615 352 2650 cum
366 2601 427 2651 edd.
440 2601 549 2664 cuspin.
562 2602 678 2650 Rbennu.
691 2601 727 2649 H.
739 2601 830 2662 steph.
842 2601 926 2650 Lirin.
943 2607 971 2649 et
985 2600 1071 2649 Rivirr.
1087 2600 1139 2663 ipsa
1150 2606 1229 2650 mente
1245 2600 1312 2663 conj.

206 2665 291 2714 Livia.
326 2666 378 2715 Pro
389 2668 508 2728 delegata,
526 2666 637 2715 Putean.
656 2666 726 2728 conj.
742 2668 867 2727 denegata.
900 2666 954 2714 Pro
968 2680 1020 2713 cum
1033 2666 1130 2728 ciceris,
1148 2666 1238 2715 nescio
1256 2667 1312 2730 quis

125 2745 128 2749 ’
207 2745 249 2779 cur
259 2731 404 2782 ruem-a
422 2731 490 2781 Edd.
504 2737 567 2779 vett.
579 2730 687 2792 Caspia.
709 2731 824 2780 Rhenus.
845 2731 880 2780 H.
891 2730 980 2793 Stepb.
998 2730 1083 2778 Livia.
1101 2729 1191 2779 Rivin.
1204 2731 1238 2779 al.
1250 2738 1313 2783 vett.

208 2802 268 2844 aute
280 2795 358 2846 (irat.
375 2802 443 2846 taum
457 2794 603 2860 reliqueras,
620 2797 681 2845 Vet.
697 2796 810 2843 Purenn.
823 2795 883 2844 Ver.
901 2794 984 2844 Liuia.
998 2795 1100 2844 Bestia.
1111 2795 1201 2844 Moerl.
1213 2804 1241 2845 et
1254 2795 1314 2844 edd.

206 2867 325 2974 qppentu
337 2867 414 2912 tutum
430 2863 577 2926 reliqueram
594 2867 621 2911 et
639 2861 675 2911 sic
696 2861 766 2923 conj.
784 2859 886 2910 Acidul.
896 2860 1049 2925 firmaveras,
1066 2875 1104 2908 rrae
1124 2865 1160 2924 tu,
1175 2863 1218 2924 tre.
1233 2862 1312 2911 editio

206 2972 210 2984 ,
252 2940 334 2976 enum.

242 3118 249 3150 ¹
261 3117 392 3167 comitibus
404 3124 426 3168 et
434 3117 545 3181 ducibus]
557 3120 680 3180 Comites,
688 3119 743 3167 uai-
780 3117 914 3168 scribunt:
933 3119 978 3183 qui
988 3133 1049 3168 vera
1060 3119 1106 3169 sb‘
1117 3119 1168 3168 aris
1179 3123 1186 3146 ³
1196 3134 1255 3170 cum
1268 3121 1315 3170 Isi·

210 3209 256 3255 us3
274 3193 363 3251 duces,
376 3196 513 3245 multarum
533 3195 668 3245 civitatum
689 3209 744 3244 rec·
781 3195 844 3243 doro
851 3194 990 3244 deductum
1002 3195 1099 3258 rolant,
1111 3196 1232 3246 scribunt
1243 3198 1313 3247 ‘ura-

210 3277 280 3322 tores
292 3280 376 3333 erant,
389 3287 446 3336 quae
463 3271 572 3335 singulae
590 3286 649 3321 suos
666 3271 744 3321 comi·
780 3271 882 3334 spicer!
900 3273 965 3323 Quae
977 3272 1018 3320 iric
1029 3271 1240 3322 suntdeint‘etici
1255 3275 1315 3324 ouri·

210 3357 251 3398 tes
262 3347 398 3396 habereut.
748 3376 750 3381 .
782 3361 824 3405 ae,
836 3346 869 3395 de
885 3346 1076 3408 haruspicibus,
1093 3345 1126 3396 de
1142 3347 1256 3397 aduerso
1273 3364 1314 3398 au·

240 3423 248 3467 t
265 3423 345 3472 Tacite
362 3425 532 3488 mussantibus]
548 3425 621 3490 Virg.
639 3423 747 3475 AEmxr.
782 3420 1315 3487 spicio,sortasseaacipiendasrrntdeLa·

211 3504 268 3551 346.
286 3502 293 3529 ‘
308 3499 352 3548 sed
365 3500 452 3549 dicere
464 3499 596 3549 mussant?
622 3503 680 3551 AErr.
693 3508 746 3550 xrr.
783 3499 930 3562 buro,quod
943 3500 989 3547 sub
1002 3498 1076 3561 hujus
1086 3499 1262 3563 expeditionis
1272 3501 1317 3550 ini·
1338 3542 1340 3546 ⁴

210 3579 269 3626 aar.
287 3576 295 3602 ‘
308 3576 411 3624 Mussat
423 3589 469 3624 rex
481 3576 537 3639 ipse
550 3575 675 3625 Latinus!
784 3577 846 3624 tium
859 3575 1029 3625 Constantino
1040 3576 1122 3623 visum
1133 3582 1184 3626 est.
1208 3579 1318 3628 Crucem

132 3716 136 3721 ἢ
212 3670 213 3674 ’
244 3650 360 3701 kContra
383 3653 515 3716 aruspicum
536 3651 637 3716 monita]
661 3652 747 3701 Haru·
783 3654 852 3700 enirn
866 3651 1004 3714 melirpud
1021 3651 1151 3700 Romanos
1169 3654 1263 3703 orniuis
1279 3652 1317 3702 fu·

213 3730 298 3792 spires
306 3736 377 3778 vater
388 3726 460 3777 fuere
470 3730 509 3777 vel
519 3728 651 3784 Hetrusei,
663 3730 704 3778 vei
715 3728 747 3778 ab
777 3729 843 3784 isse,
855 3741 930 3775 acmo
946 3728 1039 3790 opinor
1051 3728 1143 3775 nescit.
1177 3730 1222 3778 De
1234 3730 1318 3793 pradi-

213 3806 353 3856 Hetruscis
365 3805 554 3868 haruspicinam
563 3806 666 3856 edocti:
686 3821 748 3870 quo·
784 3806 827 3869 gio
848 3804 892 3853 ilio
914 3804 973 3854 ride
996 3803 1162 3856 Constantini
1184 3807 1265 3857 vitum
1286 3807 1318 3856 ud

213 3898 270 3933 rum
288 3898 328 3934 urs
346 3883 372 3932 in
391 3898 422 3932 eo
442 3885 575 3947 praecipue
587 3883 748 3940 versabatur,
785 3894 879 3930 sanum
890 3883 948 3929 307.

214 3967 243 4008 ut
255 3959 503 4024 inspectisvictimis
518 3958 607 4008 future
626 3974 747 4023 praenuu·
815 3953 823 3988 ¹
844 3955 995 4019 Reliqueras]
1029 3954 1159 4018 Majorem
1183 3960 1316 4009 exercitus

214 4037 322 4085 tierent.
356 4037 407 4089 Qui
424 4045 512 4087 autem
532 4050 620 4085 vocem
632 4036 700 4084 ittam
714 4035 747 4084 ab
782 4039 885 4096 partem
898 4031 930 4081 sd
941 4033 1058 4081 Rhenum
1068 4031 1192 4084 aduersus
1205 4035 1317 4086 Francos

215 4110 313 4159 ‘hara’
326 4125 372 4160 seu
389 4112 422 4162 ab
439 4112 524 4163 trustis
542 4118 627 4160 surmta
639 4112 669 4158 in
685 4111 747 4159 hara
783 4109 919 4161 tutandum
932 4109 1082 4174 reliquerat.

215 4195 273 4232 curn
291 4186 397 4237 Donato
415 4192 548 4251 repetunt,
560 4187 567 4211 ⁸
579 4183 747 4251 haruspices’
