2730 4726
132 306 220 374 1360
420 314 616 373 ''nuuuuu
642 320 913 375 renueremus

133 467 290 534 bicorni·
319 473 513 535 mersantur.
566 469 598 532 6.
621 467 713 532 Haec
741 478 794 534 cst
822 475 892 548 tua,
921 467 1156 549 Constantine,
1186 472 1229 537 dc

133 570 298 647 Ascarici,
325 570 529 654 Regaisique
555 571 737 653 supplicio,
762 571 960 654 quotidiana
981 578 1083 655 alque
1104 581 1230 639 aeterna

132 673 285 751 victoria,
298 673 454 737 omnibus
467 670 638 754 quondam
660 672 817 736 secundis
837 673 964 756 praeliis
984 676 1230 757 anteponenda

132 777 166 842 7.
189 775 301 841 Semel
329 771 430 840 acief
458 775 610 853 vincitur,
639 775 711 839 siue
740 775 805 838 fine
833 777 1040 840 documento.
1086 775 1229 842 Cludem

132 896 237 957 suam,
250 876 403 962 quamvis
418 875 514 942 multi
527 883 674 960 pereant,
688 877 809 960 vulgus
823 877 972 961 ignorat;
997 880 1230 963 compendium

132 989 197 1060 aet,
211 977 491 1046 devincendorum
505 978 654 1043 hostium
669 978 796 1044 duces⁸
818 981 1003 1045 sustulisse.

176 1082 266 1149 Cur.
289 1098 362 1146 xri.
400 1080 434 1148 1.
457 1080 506 1148 Ut
520 1088 633 1146 tamen
648 1083 802 1147 omnibus
816 1082 923 1148 modis
937 1084 1153 1148 barbarorum
1169 1085 1228 1150 im-

131 1187 278 1252 manitas
292 1185 503 1268 frangeretur,
517 1203 580 1249 nec
594 1185 668 1250 sola
683 1183 799 1249 hostes
814 1205 931 1267 regum
946 1164 1084 1251 sidorum
1099 1187 1228 1270 suppli·

131 1289 186 1354 cia
201 1296 383 1364 moererent,
400 1289 501 1352 etiarn
515 1287 667 1352 immissa
683 1285 876 1353 Bructerish
898 1290 1087 1354 vastatione
1107 1289 1228 1366 fecisti,

130 1390 319 1476 Imperator
331 1391 468 1454 invicte.
511 1391 544 1454 2.
568 1391 609 1454 Ιιι
624 1409 693 1474 quo
715 1392 824 1474 prima
838 1392 970 1456 consilii
985 1394 1034 1457 tui
1047 1391 1112 1456 init
1126 1395 1227 1470 ratio,

130 1492 221 1577 quod
237 1493 389 1558 exercitu
402 1500 538 1575 repente
559 1493 701 1578 trajecto
722 1495 933 1586 inopinantes
948 1495 1086 1560 adortus
1101 1516 1150 1571 οε,
1165 1515 1227 1559 ιιοιι

130 1614 200 1679 quo
214 1600 331 1677 aperto
347 1593 458 1661 Mitte
471 1594 648 1674 diffideres,
658 1603 697 1660 ut
712 1598 770 1680 qui
787 1597 901 1680 palam
916 1597 1073 1679 congredi
1089 1598 1227 1662 maluis-

129 1714 200 1773 ses,
220 1695 281 1761 sed
300 1703 336 1761 ut
357 1696 417 1762 illa
434 1697 537 1776 natio,
558 1697 720 1782 perfugiis
741 1700 908 1782 sylvarum
924 1705 958 1763 et
972 1699 1145 1782 paludium
1161 1701 1226 1765 bel·

128 1798 200 1864 lum
230 1798 335 1863 sulita
370 1797 533 1878 frustrari,
561 1798 650 1883 iugae
686 1807 821 1883 tempus
857 1800 1033 1865 amitteret.
1077 1801 1111 1866 3.
1134 1800 1227 1866 Caesi

129 1901 230 1985 igitur
256 1902 540 1982 innumerabiles3
562 1902 654 1986 capti
674 1901 826 1985 plurimi.
870 1900 1046 1985 Quicquid
1076 1902 1144 1967 suit
1171 1923 1226 1987 pe·

130 2004 231 2080 coris,
247 2012 394 2087 captum,
409 2009 466 2068 ant
480 2002 683 2068 trucidatum
704 2006 768 2067 est.
810 2001 891 2068 Vici
914 2005 1127 2087 omnesigue
1149 2025 1225 2070 cond

129 2107 240 2170 sumti.
285 2105 444 2182 Puberes,
459 2107 565 2190 quiin
579 2125 700 2171 manus
721 2114 891 2181 venerunt,
906 2126 1047 2189 quorum
1066 2127 1131 2172 nec
1153 2128 1225 2191 per·

129 2208 213 2274 fidia
241 2217 313 2275 erat
333 2215 415 2293 apta
436 2209 575 2288 militiee,
601 2228 665 2275 uec
687 2208 814 2274 ferocia
836 2209 1002 2287 servituti,
1032 2209 1076 2275 ad
1105 2229 1225 2294 poenas

588 2389 766 2411 eumenen

129 2515 222 2567 morse
231 2522 367 2566 mersantur
378 2517 492 2582 (luelph.
508 2523 642 2568 mersantur
654 2517 731 2568 etiam
738 2517 800 2568 Vct.
809 2515 893 2565 Lirin.
903 2515 1012 2576 Crispin.
1022 2512 1140 2564 Rhenarr.
1150 2516 1225 2566 Grul.
1236 2574 1238 2581 Ι

129 2590 157 2631 et
167 2581 227 2631 edd.
238 2588 401 2633 recentt.—6
415 2583 517 2634 Asucnri
527 2583 605 2633 cinere
619 2584 734 2646 Guisiqae
744 2583 847 2631 Puteol.
869 2581 903 2630 ll.
915 2590 942 2630 et
956 2582 987 2630 P.
998 2581 1090 2642 Steph.
1101 2581 1188 2631 Ririn.
1200 2590 1226 2632 et

129 2648 164 2696 al.
174 2656 240 2698 vett.
248 2657 309 2700 aute
320 2649 398 2699 Grut.
414 2648 516 2699 Araeuri
526 2664 617 2698 minero
631 2649 706 2698 Geusi
717 2649 780 2696 Vct.
792 2648 905 2697 Puteaa.
922 2645 1037 2696 desecari
1045 2646 1146 2709 Cymere
1156 2649 1225 2696 Crei-

127 2714 195 2776 riqae
215 2713 288 2764 Gud.
327 2713 429 2764 Ancaei
449 2715 548 2778 Cymero
573 2714 688 2776 Guisiprse
706 2713 794 2762 Moerl.
830 2711 969 2774 Aeciurygi
989 2711 1143 2774 Rugogsiqae
1163 2713 1226 2761 Ere.

127 2778 271 2828 Schonlrcr.
303 2778 412 2829 Asearici
430 2779 573 2844 Regaisiqse
592 2779 657 2827 Eue.
672 2779 752 2839 Laug.
764 2776 842 2826 Grut.
854 2785 881 2826 et
896 2777 957 2827 edd.
970 2779 1129 2825 roceum-l
1142 2775 1224 2827 Inter·

128 2845 221 2908 punxit
231 2845 360 2907 Jaegerus,
369 2859 443 2908 comp.
453 2849 490 2894 est
500 2847 525 2894 d.
534 2844 644 2905 testium,
655 2845 724 2892 duces
734 2843 863 2890 sustulisse.

161 2909 227 2959 Cur.
240 2925 293 2959 xrr.
309 2911 397 2959 1Voc.
406 2911 456 2959 sola
467 2909 543 2960 deest
553 2911 579 2958 in
594 2909 680 2958 Rivin.
691 2920 718 2958 et
731 2907 791 2957 edd.
804 2916 865 2955 autc
875 2904 952 2954 Grut.
964 2913 1037 2954 extat
1050 2919 1112 2956 rere
1125 2905 1152 2954 in
1164 2907 1225 2954 Vel.

128 2972 240 3022 Putean.
252 2976 402 3024 Vet.Lirin.
411 2975 514 3024 Bertin.
524 2975 636 3036 Guelplr.
647 2975 712 3022 Eue.
723 2974 868 3023 Schoalmv.
879 2979 906 3019 et
916 2971 1023 3033 Cuspio.
1035 2973 1135 3034 recepit
1148 2972 1226 3021 Grnt.

129 3049 219 3101 postea
229 3040 281 3089 alii.
292 3041 428 3088 immensum
435 3040 548 3090 Bructeris
555 3039 709 3090 curtulieaem
721 3038 803 3086 Rhen.
812 3037 896 3087 Ririn.
905 3040 929 3085 l.
940 3037 1020 3084 Lirin.
1030 3036 1123 3101 Steph.
1132 3035 1225 3086 etedd.

130 3112 195 3152 retr.
212 3105 316 3154 immissa
326 3105 453 3154 Bructeris
464 3105 595 3154 castalione
606 3105 667 3152 vet.
676 3105 738 3153 Put.
748 3104 809 3151 Vet-
823 3102 926 3152 Bertiu.
943 3103 1008 3150 Exc.
1020 3101 1101 3164 hang.
1113 3101 1227 3162 Gnelplr.

128 3169 235 3231 Cuspio.
247 3170 328 3221 Grut.
341 3179 369 3218 et
387 3175 547 3219 recente-2
559 3168 670 3231 Guelplr.
687 3170 749 3217 ralia
762 3168 827 3228 suit,
837 3167 898 3230 quod
918 3169 1000 3214 excita
1014 3173 1119 3229 repente.
1153 3168 1226 3229 Mox,

128 3233 207 3283 (iret.
219 3251 265 3284 non
276 3236 335 3299 qaod
346 3241 435 3298 aperto.
461 3235 548 3285 Moerl.
561 3234 681 3298 prestigiis
695 3233 823 3298 spinarum.
848 3231 963 3293 Guelph.
976 3239 1002 3280 et
1013 3231 1097 3282 Banu.
1105 3234 1227 3295 paudere,

125 3299 469 3362 ‘Pantanus01·ig.Franc.
485 3314 525 3348 ιν.
539 3306 565 3349 l.
584 3301 649 3349 citat
669 3304 758 3360 tempas
773 3297 903 3354 omitteret,
914 3297 982 3359 quod
1001 3310 1088 3361 neque
1103 3303 1129 3345 in
1150 3297 1226 3346 codd.

126 3377 176 3412 nec
197 3365 256 3413 edd.
273 3367 375 3427 invenl3
392 3375 419 3415 at
431 3366 535 3429 vulgata
555 3362 679 3427 praestat)
698 3364 831 3412 Arata-3
850 3361 1004 3422 Quicquids.
1019 3377 1044 3423 p.
1061 3363 1226 3425 interceptum.

128 3429 263 3478 Bronwer.
276 3431 369 3479 Annei.
379 3433 485 3480 Trever.
498 3444 542 3480 ιιι.
554 3445 580 3491 p.
593 3433 649 3478 205.
682 3430 755 3486 Mox,
767 3443 813 3490 pro
824 3428 884 3488 dati,
903 3427 945 3474 ed.
962 3427 1044 3476 Paris.
1061 3427 1141 3477 habet
1160 3429 1226 3484 eati5

129 3495 187 3546 Van
197 3495 290 3546 Hcven
304 3497 392 3545 urullet
402 3496 499 3546 servati.
533 3494 686 3554 Proseroer'a
698 3495 810 3556 Guelplr.
821 3493 936 3552 sortiere.

622 3642 726 3691 NOTAE

159 3767 170 3794 e
187 3759 297 3810 Flumine
308 3757 409 3821 bicorni]
426 3757 515 3808 ereno
527 3758 653 3807 lavantur.
692 3770 722 3805 co
734 3755 837 3813 nimius,
850 3753 895 3802 red
909 3751 1038 3807 nimirum,
1056 3759 1084 3800 ut
1097 3759 1184 3801 actum
1196 3752 1225 3801 il·

127 3836 200 3900 Virg.
219 3836 318 3899 Georg.
339 3836 653 3898 serenissimumque
692 3833 746 3895 lud,
768 3833 836 3896 qrrod
861 3831 937 3895 paulo
960 3829 1135 3879 duriusculum
1156 3838 1222 3885 erat,

127 3928 233 3978 gregem
243 3912 322 3963 fluvio
331 3926 442 3962 meruere
452 3909 567 3960 salubri!
692 3910 740 3958 lrac
752 3916 809 3957 arte
821 3908 943 3957 emolliat.

160 3988 262 4040 'Semel
271 3988 333 4053 urie]
344 3989 428 4038 Semel
439 3988 495 4036 acie
508 3985 653 4047 vicisti,sed
726 3985 738 4019 ¹¹
766 3983 903 4048 Bructeris]
930 3983 1045 4033 Bructeri
1074 3983 1224 4032 Germania

127 4065 176 4114 lroc
184 4066 263 4126 justa
275 4065 423 4116 severitatis
435 4063 585 4126 exemploiu
597 4076 654 4126 peu·
696 4064 793 4126 populi,
811 4077 876 4126 quos
893 4060 936 4108 alii
949 4059 974 4107 in
988 4059 1071 4108 Frisia
1082 4059 1224 4121 Orientali,

128 4149 233 4204 petuurn
244 4157 287 4191 ens
298 4141 454 4204 comprimis.
695 4138 737 4188 elii
750 4141 774 4186 in
783 4136 1092 4201 Westplmliacullocant‚
1102 4135 1147 4186 ubi
1155 4148 1228 4186 nuuc

158 4224 172 4261 ⁸
189 4217 300 4269 licuisse
311 4219 393 4284 duces]
412 4218 522 4268 Videtur
535 4215 561 4268 in
573 4230 605 4267 eo
616 4217 653 4267 lo·
694 4215 806 4266 Markiae
817 4215 964 4267 comitatus.
