2730 4726
126 313 212 382 1180
354 331 387 383 0.
411 332 446 382 0.
470 329 691 382 scuwnazu
716 331 1000 381 raonroousun

123 620 132 637 .
171 578 272 658 Quod
287 579 373 643 adeo
387 579 432 644 ad
447 583 615 643 auctorem
628 577 729 662 hujus
745 576 942 662 Panegyrici
956 576 1089 656 attinet,
1102 598 1223 664 sequor

126 682 297 761 vulgarem
317 681 530 764 opinionem3
551 699 662 764 neque
683 681 772 749 enim
792 700 929 764 prorsus
944 681 1156 747 consentiunt
1170 703 1222 748 re·

126 788 210 847 teres
230 783 316 848 libri.
359 781 598 848 Antecedentis
622 783 823 866 Panegyrici
848 783 1024 867 inscriptio
1046 783 1090 847 in'
1106 784 1224 852 codice

128 884 197 948 Ms.
217 905 318 969 quem
337 886 412 970 ipse
433 886 603 970 possideo,
616 885 691 951 haec
711 886 776 951 esi:
804 883 983 949 Gentlrliaci
1004 882 1223 973 100000νὲ000-

127 986 196 1050 timi
210 986 423 1073 Panegyricus
444 987 541 1053 dictus
562 986 648 1053 Dico
669 986 763 1052 Mau.
779 986 933 1074 Augusto.
977 988 1020 1053 In
1040 989 1106 1054 lino
1127 991 1224 1057 istius

127 1090 329 1174 Panegyrici
348 1091 423 1157 haec
441 1093 547 1156 verba
565 1100 684 1157 notata
703 1093 867 1175 legimus:
891 1090 1105 1177 Panegyricus
1122 1103 1225 1157 sextas

128 1192 228 1257 dictus
250 1193 448 1259 Maximiano
470 1204 500 1259 et
521 1192 717 1260 Diocletiano
728 1194 821 1279 finit.
844 1194 953 1278 incipit
973 1193 1137 1259 eorundem
1161 1192 1226 1260 Ge·

128 1295 311 1363 netlrliacar.
353 1296 470 1383 Atque
489 1298 545 1363 hic
564 1299 729 1382 posterior
748 1304 799 1362 est
817 1298 874 1362 ille
892 1299 967 1381 ipse
982 1297 1224 1382 Panegyricus,

128 1418 225 1482 quem
249 1420 338 1465 nunc
362 1420 422 1485 pro
444 1400 530 1465 virili
553 1407 649 1485 parte
669 1400 910 1482 explicandum
930 1401 1028 1465 nubis
1049 1403 1224 1467 sumimus.

129 1501 233 1584 Cujus
249 1504 335 1569 calci
348 1505 422 1570 haec
436 1504 540 1569 verba
555 1509 632 1568 sunt
646 1504 813 1587 ascripta:
841 1500 1059 1567 Genethliacus
1074 1500 1183 1567 Maxi.
1198 1513 1226 1566 et

129 1602 322 1669 Diocletiani
329 1604 421 1688 finit.
466 1604 575 1672 Vides
593 1626 682 1690 ergo,
697 1627 806 1690 neque
827 1626 849 1670 a
870 1606 1048 1690 principio,
1063 1627 1173 1692 neque
1193 1607 1226 1671 in

127 1707 207 1786 fine,
224 1707 465 1792 Panegyricum
486 1709 573 1775 hunc
595 1709 630 1773 in
649 1709 767 1774 codice
786 1719 899 1774 nostro
914 1711 1045 1775 nomine
1061 1702 1135 1774 CL.
1150 1708 1226 1774 Ma-

127 1810 254 1874 mertini
277 1812 414 1894 signari.
457 1811 575 1897 Atque
595 1812 645 1877 ita
666 1812 765 1877 etiam
785 1812 844 1876 alii
864 1812 1003 1876 codices
1025 1811 1114 1876 Mss.
1137 1832 1226 1898 quos

128 1913 261 1979 Gudius
284 1917 465 1999 excerpsit,
480 1916 513 1980 in
536 1915 701 1980 ambobus
723 1914 829 1992 libris,
844 1914 887 1979 de
906 1915 1029 1997 quibus
1044 1914 1126 1978 alibi
1140 1914 1225 1992 dixi,

127 2037 195 2082 uon
221 2017 345 2083 habent
366 2039 485 2085 nomeu
506 2015 691 2083 Mamertini
712 2019 963 2102 praescriptum3
988 2016 1055 2081 nisi
1077 2018 1172 2100 quod
1192 2019 1227 2083 iu

129 2122 232 2185 unico
257 2122 375 2187 codice
401 2125 562 2207 scriptum
585 2121 705 2186 fuerit:
737 2118 889 2205 Ejusdm
912 2117 1100 2183 Mamertini
1126 2117 1227 2185 Gene-

130 2220 262 2287 tliliocas
283 2221 477 2288 Maximiani
498 2222 648 2309 Augusti.
690 2222 794 2289 Hunc
812 2223 900 2287 adeo
916 2223 1027 2308 ipsum
1041 2224 1179 2288 titulum
1192 2226 1228 2289 in

129 2325 267 2389 excusis
287 2325 383 2390 libris
405 2328 533 2411 primus
556 2327 662 2391 edidit
678 2325 901 2403 Puteolanus,
917 2332 950 2391 et
964 2325 1086 2390 deinde
1102 2325 1227 2412 Cuspi-

55 2480 59 2486 .
128 2428 261 2490 nianus.
305 2427 478 2496 Praeterea
491 2429 514 2495 J
517 2450 549 2496 o.
565 2430 748 2507 Livineius,
765 2449 819 2495 an.
833 2430 931 2498 laea.
946 2430 1071 2495 nomini
1087 2428 1228 2494 Mamer-

129 2528 190 2592 tini
209 2550 398 2614 praenomen
416 2530 544 2596 Claudii
564 2533 775 2618 praeposuit:
797 2532 928 2615 hosque
949 2533 1101 2596 similiter
1119 2535 1228 2599 secuti

129 2641 207 2697 suut
225 2632 248 2698 J
251 2653 335 2698 anus
357 2633 530 2713 GruteruS,
552 2635 735 2711 Puteanus,
749 2633 772 2699 J
775 2654 826 2700 ac.
843 2634 897 2700 De
918 2634 952 2699 la
973 2635 1101 2713 Banna,
1117 2635 1228 2702 Gella·

129 2736 210 2812 rius,
228 2742 261 2800 et
283 2735 431 2801 Patarol.
475 2734 524 2801 At
547 2737 672 2801 Beatus
693 2735 1058 2802 Rhenanusan.15·20.
1076 2739 1141 2803 hoc
1162 2741 1227 2805 elo·

130 2839 221 2921 gium
241 2840 393 2922 praefixit
413 2846 526 2905 nostro
545 2840 775 2924 Panegyricot
798 2836 948 2924 tijusmm
963 2839 1149 2906 Mamertini
1165 2841 1228 2907 Ge·

130 2940 300 3006 netldiacur
322 2941 516 3008 Maximiani
535 2941 684 3030 Augusti,
700 2931 734 3006 'in
754 2941 819 3027 qus
838 2941 941 3005 natali
955 2941 1065 3007 dictus.
1110 2941 1229 3030 Inque

131 3065 239 3107 rursus
258 3044 358 3108 multa
373 3055 446 3108 sunt
460 3047 494 3108 in
509 3043 701 3109 Diocletiani
716 3043 851 3123 laudem,
866 3044 955 3128 cujus
969 3045 1003 3108 in
1015 3045 1145 3130 imperio
1160 3069 1228 3112 core

131 3167 195 3210 sors
209 3157 278 3210 erat
293 3147 520 3214 Maximianus.
566 3146 768 3211 Rhenanam
782 3167 901 3232 presse
917 3156 1052 3213 secutus
1067 3156 1120 3214 est
1135 3149 1229 3216 Heu·
1254 3190 1257 3194 Δ

129 3250 219 3314 ricus
240 3249 432 3334 Stephanus
452 3271 506 3315 au.
521 3251 617 3316 1591.
633 3256 668 3315 et
682 3250 780 3316 1606.
795 3250 944 3336 itemque
958 3250 1115 3317 Andreas
1132 3251 1229 3319 Rivi-

131 3372 208 3429 nus,
224 3373 280 3418 an.
295 3355 393 3418 1650.
436 3354 492 3420 Ex
507 3354 628 3419 eodem
643 3352 853 3438 Panegyrico
868 3355 997 3438 aliquot
1009 3339 1086 3419 ioca
1102 3357 1231 3422 excitat

132 3455 273 3522 Carolus
297 3456 466 3539 Sigonius,
488 3458 546 3522 lib.
563 3473 589 3524 1.
612 3457 654 3521 de
680 3456 892 3522 Occidentali
917 3456 1077 3540 Imperio,
1100 3478 1180 3541 pag.
1193 3458 1229 3525 8.

132 3559 244 3627 1617.
254 3559 459 3646 eundemque
470 3560 824 3638 ascribitMamertino,
834 3558 1114 3625 etMamertinum
1130 3571 1232 3629 vocat

132 3669 316 3728 ‘oratorem
331 3662 526 3743 Belgicam}
541 3663 702 3746 hujusque
714 3662 886 3728 collaudat
896 3662 1083 3729 ‘Gallicam
1096 3665 1231 3733 dicendi

131 3764 287 3851 copiam?
323 3765 493 3830 Antonius
509 3764 607 3848 Pagi,
620 3765 655 3830 in
671 3765 849 3830 Dissertat.
864 3764 1050 3850 Hypatica,
1062 3766 1100 3830 P.
1112 3783 1139 3833 1.
1154 3789 1232 3855 cap.

133 3886 178 3935 11.
192 3889 226 3936 n.
239 3868 271 3932 8.
291 3875 416 3945 monet,
433 3866 629 3953 Panegyrico
653 3865 865 3945 Genethliaco,
885 3887 984 3951 quern
1008 3868 1232 3938 Mamertinus

134 3971 220 4036 dixit
233 3968 457 4041 Maximiano,
470 3969 708 4035 restituendum
723 3989 800 4034 esse
815 3971 1000 4052 legitimum
1016 3972 1159 4045 titulum,
1171 3976 1233 4057 qai

131 4073 169 4137 in
196 4075 351 4138 omnibus
375 4073 442 4138 iere
464 4073 632 4139 veteribus
654 4074 830 4138 codicibus
855 4074 1003 4156 legatur:
1033 4071 1076 4140 P.
1099 4075 1233 4160 quidm

135 4171 354 4241 Gmetlrliucus
374 4172 567 4241 Maximiani
587 4173 631 4242 A·
645 4186 674 4240 et
690 4173 893 4257 Diocletiani,
910 4177 933 4242 i.
949 4196 979 4242 e.
1016 4175 1233 4265 Panegyricus
