2730 4726
126 283 213 351 1292
440 295 607 348 uununrr
631 294 907 346 rrnncrnrcus

127 441 333 508 exercitibus
357 443 468 505 autem
490 438 626 517 nostris,
646 439 729 504 licet
746 440 878 506 invictis
899 441 1033 520 virtute,
1057 446 1171 506 temen
1194 441 1227 505 in

126 567 160 610 re
175 544 341 609 maritima
356 544 464 622 novis,
480 544 603 608 malam
620 543 787 608 coaluisse
808 564 854 609 ex
873 544 1106 626 indignissimo
1126 546 1229 610 latro·

127 649 215 712 cinio
233 647 309 710 belli
323 646 446 710 molem
462 645 690 724 audiebamus
705 647 783 712 licet
798 645 839 709 de
853 645 948 710 exitu
963 644 1155 710 fideremus.
1197 648 1230 712 2.

129 751 162 815 N
166 771 220 814 em
232 756 265 814 et
278 753 472 815 accesserat
485 748 642 812 diuturna
656 749 794 813 sceleris
809 749 1003 830 impunitas,
1014 767 1091 831 qnae
1107 748 1230 832 despe-

47 888 58 905 ι
127 859 273 918 natorum
288 852 458 916 hominum
474 851 605 915 inflarat
620 850 808 928 audaciam,
821 856 858 914 ut
871 850 966 914 illam
979 851 1229 915 inclementiam

128 955 241 1031 maris,
267 973 345 1037 quae
369 953 544 1018 victoriam
568 959 716 1017 nostram
738 954 832 1018 fatali
855 954 998 1037 quadam
1025 957 1230 1019 necessitate

128 1053 329 1133 distulerat‚''
344 1075 405 1138 pro
422 1055 475 1119 sui
490 1060 614 1118 terrore
628 1054 810 1137 jactarent,
827 1074 891 1118 nec
906 1054 1049 1118 consilio
1064 1054 1230 1118 intermis-

128 1179 203 1222 sum
231 1178 305 1222 esse
334 1157 469 1236 bellum,
495 1156 554 1221 sed
585 1154 817 1238 desperatione
847 1158 1007 1221 omissum
1036 1158 1231 1232 crederent;

128 1261 226 1339 adeo,
241 1267 276 1325 ut
293 1259 378 1343 jam,
398 1259 584 1324 commrmis
606 1271 738 1342 poenee⁰
760 1260 879 1325 timore
901 1261 1070 1344 deposito,
1088 1261 1232 1344 archipi-

115 1370 238 1429 ratam
261 1359 419 1426 satellesd
446 1360 628 1438 occideret,
649 1367 683 1425 et
706 1361 788 1426 illud
813 1369 1121 1428 auctoramentum·
1145 1363 1232 1427 tanti

128 1460 347 1529 discriminis¹
360 1468 502 1547 putaret,
517 1462 704 1545 imperium.

172 1566 262 1632 Gne.
287 1582 376 1630 xrrr.
407 1566 440 1629 1.
462 1565 543 1629 Hoc
566 1565 664 1646 igitur
683 1565 803 1630 bellum
822 1573 889 1630 tem
906 1567 1144 1645 necessarium,
1161 1575 1228 1633 tam

130 1668 267 1734 difficile
282 1667 388 1745 aditu,
403 1673 469 1732 tam
483 1669 716 1746 inveteratum,
728 1673 795 1733 tam
812 1669 1017 1746 instructum,
1030 1671 1087 1749 ita,
1102 1670 1230 1744 Caesar,

131 1790 306 1853 aggressus
326 1790 376 1845 es,
392 1777 441 1848 nt,
457 1770 572 1834 statim
586 1776 687 1853 nique
703 1771 761 1836 illo
776 1771 932 1836 infestum
949 1772 1140 1856 majestatis
1163 1781 1232 1837 tuae

128 1875 252 1938 fulmen
266 1872 463 1947 intenderas,
480 1873 670 1937 conlectum
686 1875 841 1938 omuibus
857 1875 1035 1940 videretur.
1081 1876 1113 1939 2.
1137 1875 1231 1940 Nam

130 1976 239 2060 primo
265 1976 423 2051 omnium,
449 1978 498 2056 (in
523 1997 589 2059 quo
612 1976 787 2060 praecipne
813 1977 1057 2042 consulendum
1081 1976 1162 2062 fuit)
1188 1998 1230 2042 ne

591 2156 771 2177 ”euoenon

133 2272 204 2324 Gud.
216 2276 240 2322 1.
251 2277 277 2324 2.
288 2272 355 2337 qrrod
370 2273 484 2322 restituit
496 2273 604 2324 Gruter.
630 2290 670 2324 ex.
680 2276 851 2325 cntemneatrin
861 2277 922 2325 Vel.
938 2276 1042 2325 Berlin.
1058 2276 1127 2326 Grrd.
1163 2278 1233 2328 Olim

132 2338 378 2401 interpungebntur,
393 2338 498 2395 invictis,
508 2339 702 2398 virtutemnon
721 2342 854 2391 Acidalia·
867 2350 991 2404 punctum
1005 2343 1091 2403 perunit
1109 2352 1168 2404 post
1186 2345 1233 2392 nir·

133 2407 194 2454 tnta.
212 2403 277 2451 Voc.
289 2402 358 2452 nocis
369 2405 445 2452 deest
456 2403 482 2452 in
493 2404 552 2452 cod.
563 2405 736 2454 Schwarzian.
747 2409 790 2468 qui
799 2408 877 2456 etium
889 2422 935 2469 pro
945 2409 1040 2462 mlum,
1049 2408 1125 2457 nabet
1134 2424 1235 2466 nonum

133 2467 482 2529 Acidaliunmalitrnugncrn.
517 2469 578 2518 Vct.
594 2470 696 2518 Berlin·
713 2471 989 2534 andedsmnucnspin.
1002 2480 1028 2520 et
1038 2472 1109 2521 Gnd.
1122 2479 1144 2520 1.
1169 2474 1235 2524 nide-

133 2534 222 2587 dumne,
231 2533 356 2594 probante
369 2534 501 2582 Lirin—2
512 2534 608 2583 Etcum
620 2534 731 2596 Guelph.
748 2537 976 2598 dinturniGnelplr.
998 2538 1121 2586 uictoriam
1131 2544 1235 2588 vernans

134 2599 194 2647 Vct.
213 2599 313 2647 Bertin.
332 2597 403 2648 (iud.
426 2602 450 2647 1.
468 2602 493 2647 2.
506 2608 533 2648 et
552 2600 639 2649 Moeri.
667 2601 763 2649 leiim
778 2616 828 2650 erre
848 2602 908 2652 edd.
927 2603 1160 2651 contemeliam
1173 2604 1236 2653 Vet-

134 2663 235 2712 Bertin.
246 2672 273 2712 et
284 2664 397 2726 Gnelph.
410 2663 479 2726 qnod
491 2666 587 2726 primns
600 2666 701 2728 recepit
713 2666 791 2716 Grnt.
809 2668 944 2730 ceterique
956 2674 1052 2728 preter
1072 2668 1159 2716 Riviu.
1187 2669 1235 2717 coin

133 2743 198 2790 pene
211 2730 269 2779 vet·
281 2729 391 2791 cuspin.
418 2729 455 2777 nin
463 2743 531 2791 pone
540 2729 643 2778 Berlin.
654 2731 723 2779 nude
735 2730 848 2789 Modica,
860 2733 924 2781 omni
939 2745 1006 2795 ponc
1013 2746 1024 2789 ,·
1041 2733 1154 2796 Guelplr.
1174 2748 1235 2782 conr·

129 2795 199 2843 'nuni
209 2809 285 2857 poenoe
294 2799 393 2847 terrore.
405 2790 488 2844 Lirin.
499 2796 604 2858 aliique,
616 2797 679 2845 ronti
689 2796 805 2844 erinninic.

166 2859 235 2909 ΟΛ».
246 2873 311 2910 xrrr.
329 2865 341 2909 l
355 2859 422 2908 Edd.
434 2867 498 2909 vett.
514 2866 565 2909 tom
575 2861 600 2910 d.
614 2861 717 2919 auditn;
741 2861 803 2911 Vet.
817 2860 923 2924 crispin.
934 2862 1050 2911 Rhenes.
1062 2867 1112 2910 tam
1123 2864 1148 2912 d.
1159 2863 1236 2912 aditu.

633 3014 740 3066 NOTAE

166 3113 179 3148 ¹³
196 3112 345 3176 Distnlernt]
356 3112 664 3162 ConstantiusBritanni·
705 3128 771 3175 rum,
788 3122 816 3164 et
833 3115 867 3164 ob
886 3130 917 3164 ea
929 3115 1018 3164 mortis
1032 3113 1171 3165 formidine
1189 3130 1238 3178 per

135 3205 193 3240 cum
222 3190 318 3240 bellum
347 3190 507 3253 incoeptnrun
541 3204 664 3238 oceanum
706 3191 790 3240 scelos
808 3192 945 3256 imperium
957 3190 1123 3243 extorserat!
1168 3194 1237 3243 Vide

135 3281 193 3316 cum
204 3267 288 3315 classe
301 3266 431 3329 ingressus
442 3274 498 3314 ernt
510 3281 551 3314 nn.
562 3278 666 3317 ccxcrr.
706 3266 807 3317 Victor.

135 3342 244 3392 atillam
261 3342 395 3405 repentina
411 3342 488 3391 maris
507 3349 666 3406 tempestate
739 3342 990 3407 ‘Auctorcmentnm
1018 3343 1048 3393 Id
1070 3353 1119 3405 est,
1140 3360 1240 3396 merce·

135 3421 173 3469 sic
185 3418 336 3482 dissipatam
351 3416 441 3482 fuisse,
460 3426 489 3468 ut
506 3418 589 3468 foedus
607 3433 665 3468 cum
707 3418 776 3468 deni.
809 3420 863 3469 Cic.
878 3418 964 3470 orni.
977 3425 1033 3470 150.
1051 3422 1117 3470 ‘Est
1127 3425 1197 3471 enim
1213 3425 1240 3472 in

136 3497 260 3547 Carnusio
288 3496 346 3545 iniri
369 3510 476 3545 necesse
501 3495 591 3547 inerit.
634 3496 666 3545 In
707 3497 1240 3561 mercenariisipnnmercesanctoramen·

136 3572 284 3623 Constantii
295 3574 358 3622 Vita
369 3571 488 3620 diximus.
710 3580 763 3622 tum
782 3572 934 3622 servitutis?
968 3574 1001 3622 Et
1019 3574 1133 3622 Velleius
1148 3574 1194 3625 lib.
1208 3590 1239 3626 rr.

167 3657 178 3683 ⁰
196 3647 333 3698 Communis
341 3646 428 3710 poenoe]
446 3648 529 3699 Quam
547 3647 603 3709 ipse
624 3647 667 3697 Al·
708 3649 844 3713 ⁴Jngnlnti
856 3650 920 3698 civis
934 3649 1039 3712 publice
1058 3659 1242 3702 auctoramen-

135 3728 219 3776 lectus
235 3733 263 3775 et
274 3724 412 3775 Carminius
425 3737 473 3785 pro
485 3724 614 3774 communi
628 3738 668 3772 re·
710 3731 763 3775 tum
786 3721 965 3788 constituere,'
990 3724 1016 3773 id
1037 3733 1086 3785 est,
1104 3727 1240 3790 praemium

136 3805 254 3855 bellionin
282 3802 381 3851 scelere
410 3811 568 3851 meruerant.
613 3801 668 3852 Alii
710 3801 798 3853 endis.

135 3883 226 3946 legunt
237 3880 312 3929 omnic
322 3893 354 3929 ex
367 3878 526 3928 Bertinienni
535 3878 635 3928 codice.
742 3876 752 3912 ¹
768 3877 840 3928 Tanti
850 3876 1008 3942 discriminis]
1026 3879 1074 3927 Cui
1087 3894 1114 3929 se
1123 3881 1242 3932 commit-

168 3955 448 4020 “Satellelelecton
460 3954 504 4019 qui
515 3955 668 4004 Cercusium
710 3955 750 4017 tit,
775 3955 835 4004 dnm
856 3954 1006 4004 Carnusiom
1026 3955 1161 4005 interficit.
1197 3958 1242 4007 Li·

137 4035 260 4084 sexennio
273 4040 333 4097 port
345 4036 492 4096 usurpatam
505 4030 667 4095 tyrannidem
710 4031 802 4081 benten
809 4031 925 4082 Liuineio
932 4031 1069 4097 assentior,
1078 4033 1121 4098 qui
1132 4034 1243 4085 criminin

136 4108 197 4158 dolo
209 4109 393 4158 circumvenit:
406 4106 536 4158 ‘Quicum
545 4107 601 4170 ejus
610 4119 667 4168 per·
710 4108 784 4172 legit.

138 4185 218 4235 missu
231 4197 336 4235 sumine
354 4185 392 4234 cei
410 4181 669 4250 preessetflngitiu·
