2730 4726
190 326 278 392 1606
434 306 436 313 ’
588 334 723 384 usurus
747 334 883 383 uncam

159 510 174 529 ·
191 502 231 549 sn
252 501 317 546 non
338 483 492 565 poterant
510 477 707 556 contineret
723 477 854 562 jaculis
878 489 1070 562 occupare·
1111 479 1147 543 2.
1171 477 1286 557 Arma,

190 586 268 663 tela,
290 584 380 668 equi,
401 582 566 659 homines,
586 583 677 660 risa,
700 589 860 666 peremta,
874 600 992 666 prona,
1007 581 1199 666 supinaque
1213 602 1287 648 cnr·

192 708 275 775 pora
294 686 423 772 passim
446 686 498 751 vel
520 686 554 749 in
573 704 697 749 acerno
708 684 834 768 jacere.
877 684 935 749 Illi
948 685 1075 749 mutilis
1087 687 1286 770 excisisque

190 791 362 867 membris,
376 788 506 873 reliqua
520 788 573 853 sni
587 796 684 872 parta
698 788 885 870 fugiebant3
906 786 942 851 bi
953 786 1100 852 dolorem
1111 789 1286 853 vulnerum

192 896 437 980 sequebantur:
459 892 515 957 isti
545 899 670 957 mortes
697 900 870 975 receptus·
890 891 924 955 in
951 892 1065 976 sylvus
1088 899 1125 956 et
1147 891 1287 958 flumina

192 999 406 1077 differebant3
428 995 478 1060 illi
499 1003 699 1079 postremum
715 994 869 1078 spiritum
882 995 919 1058 in
941 993 1166 1059 admiratione
1180 997 1286 1059 nomi-

192 1103 245 1166 nis
258 1101 320 1178 tui,
337 1108 374 1164 et
389 1099 442 1163 sui
464 1098 562 1162 (lucis
584 1096 804 1162 detestatione
825 1096 1017 1162 fundebant.
1061 1098 1190 1162 Nullus
1212 1098 1287 1162 linis

192 1201 344 1269 caedendi
365 1199 641 1284 insequendique,
655 1199 723 1264 nisi
739 1201 968 1265 subtraxisset
981 1200 1163 1284 aliquando
1179 1203 1288 1266 victo·

192 1307 287 1371 ribus
312 1324 402 1370 mors
430 1304 574 1380 bostem,
598 1310 633 1368 et
657 1322 726 1368 nox
751 1300 850 1367 diem.
893 1304 927 1368 3.
954 1304 1001 1368 At
1020 1311 1150 1387 quanto
1165 1304 1287 1368 melius

192 1428 310 1474 manus
325 1408 407 1472 illar
426 1405 609 1484 consuluit,
624 1425 704 1489 quae
716 1407 903 1470 summissis
917 1406 1135 1491 precabunda
1149 1407 1287 1471 vexillis

192 1511 292 1597 petiit
316 1510 446 1575 reniam
467 1508 706 1586 necessitatis,‘¹
735 1515 772 1571 et
790 1515 910 1573 terram
933 1510 967 1573 in
980 1510 1105 1574 osculis
1121 1526 1286 1593 premens,

192 1611 359 1689 calcanda
373 1610 523 1694 vestigiis
545 1612 635 1676 tuis«
662 1629 807 1695 corpora
828 1620 861 1678 et
880 1632 974 1677 arma
993 1611 1156 1697 projecit!
1186 1630 1288 1694 quam

192 1723 230 1780 tu
245 1734 314 1779 nnn
336 1714 489 1799 superbe,
506 1719 542 1778 ut
558 1714 705 1796 victam3
724 1735 791 1780 non
807 1716 902 1793 irute,
916 1723 953 1782 nt
966 1731 1076 1798 reum3
1104 1735 1171 1780 uon
1186 1714 1288 1798 negli-

192 1824 316 1901 genter,
341 1825 379 1881 ut
395 1836 511 1902 parum
532 1819 771 1892 necessariam,
787 1819 980 1902 praeteristi,
993 1818 1053 1884 seu
1069 1818 1192 1882 blande
1207 1819 1289 1885 libe·

191 1919 374 2004 taliterque
386 1927 562 1986 tractatam
573 1919 710 2005 jussisti
724 1940 800 1986 csse
816 1921 1015 1987 Romanam.
1053 1922 1086 1985 4.
1100 1920 1125 1986 J
1126 1928 1288 2003 unguntur

193 2025 291 2090 socia
312 2025 457 2107 agmina,
478 2031 512 2091 st
530 2025 596 2089 sub
612 2044 682 2090 uno
696 2025 807 2109 capite
822 2024 957 2089 diversa
971 2024 1171 2108 reipublicae
1185 2042 1287 2088 mem*

191 2127 253 2191 bra
267 2128 474 2193 coalescunt.
516 2125 629 2192 Ambo
644 2128 718 2213 pari
733 2128 857 2212 gaudio
867 2128 1013 2193 feruntur
1025 2128 1197 2193 exercitus
1210 2147 1218 2190 ε
1233 2125 1287 2190 bic

188 2248 295 2317 ,opera
307 2250 371 2295 sua
382 2229 516 2313 gaudet,
530 2230 585 2295 bic
601 2232 722 2312 venia;
750 2237 888 2316 uterque
903 2231 1063 2295 uictoria.-

237 2331 326 2396 Cnu.
341 2347 502 2397 xxxvii.
524 2330 557 2395 1.
573 2330 649 2397 Nec
663 2332 723 2417 pia
731 2333 923 2416 ‚Haemona¹
942 2333 1166 2410 cunctantius,
1180 2332 1239 2396 ubi
1254 2340 1286 2395 te

224 2485 357 2548 ’Assequi
414 2483 555 2548 ’Λεπρέα
565 2483 748 2548 ktalesplugus.
810 2493 827 2527 ²
844 2485 983 2535 Turbnitlu.
1046 2482 1205 2533 scrantur
1216 2482 1273 2532 tuis.

193 2713 253 2764 edd.
273 2711 395 2762 rettulit
409 2711 520 2775 pentibus
533 2713 655 2764 imminere
672 2716 824 2764 Vaticana
843 2730 876 2764 m.
895 2729 947 2764 sec.
963 2713 1007 2763 ulii
1023 2711 1152 2776 poplitibus
1166 2712 1289 2762 imminere

194 2780 260 2829 Exn.
282 2778 449 2837 subtrahenti,
467 2787 494 2827 et
511 2779 548 2827 sic
569 2779 671 2829 emend.
688 2782 787 2831 Muret.
821 2781 874 2829 Pro
894 2779 1021 2840 continere,
1047 2778 1126 2826 Grut.
1144 2778 1219 2827 malit
1238 2793 1290 2826 tort·

192 2845 302 2907 tingere5
331 2843 430 2891 Acidal.
446 2843 638 2895 continuari-2
653 2846 738 2907 Anna,
756 2846 948 2907 telu,juculnri,·
973 2843 1092 2893 boninum
1105 2848 1222 2905 peremta,
1238 2857 1290 2906 pru·

192 2924 234 2970 nn,
256 2912 298 2972 tsc-
315 2908 391 2957 cedd.
407 2909 577 2958 Schwarzian.
598 2911 717 2962 Vaticau.
734 2920 762 2961 et
776 2914 836 2960 Vet.
852 2912 963 2960 Puteau.
973 2923 1118 2972 quanquam
1130 2908 1156 2956 in
1169 2908 1289 2959 vatican.

186 2975 292 3034 tarsun·
312 2975 431 3023 bantinum
453 2976 588 3036 supposita
612 2986 682 3033 suut,
707 2992 781 3027 ernis
807 2975 885 3037 priori
909 2976 1049 3039 scriptura.
1093 2973 1171 3022 Ama
1200 2973 1290 3036 telaque

192 3040 247 3088 niun
257 3046 379 3103 peremtu,·
394 3053 478 3103 manu,
488 3043 529 3102 qe.
546 3041 616 3104 conj.
627 3041 729 3091 Acidul.
757 3041 932 3091 mirantitibus
948 3041 1008 3090 edd.
1025 3043 1093 3104 vett..
1103 3038 1210 3088 Puteal.
1225 3038 1290 3086 Rhe·

192 3119 253 3153 nau.
265 3105 429 3154 Balduin.nl.
447 3105 489 3153 Itti
499 3106 596 3155 inutiles
605 3108 680 3157 codd.
692 3105 787 3156 Scheff.
800 3109 862 3156 Vet.
878 3109 990 3156 Putean.
1001 3104 1121 3154 vatican.
1147 3104 1190 3153 ltu·
1202 3103 1292 3153 mutilis

192 3170 256 3218 Vet.
272 3171 353 3220 Lirin.
364 3169 463 3218 Berlin.
476 3171 583 3232 Cuspin.
598 3172 663 3221 Ere.
680 3173 824 3222 Sebonhov.
839 3183 865 3219 et
883 3173 919 3221 sic
938 3171 1005 3234 conj.
1019 3171 1128 3220 Puteum
1145 3177 1171 3218 et
1186 3170 1292 3219 Ritters.

187 3233 291 3299 fiumina
300 3236 434 3295 deferebant
445 3235 505 3284 edd.
517 3243 582 3285 vett.
598 3235 624 3296 f.
636 3238 778 3303 differebant
793 3238 870 3287 codd.
884 3235 979 3287 Scheff.
990 3244 1017 3286 et
1028 3235 1143 3299 Guelpb.
1159 3233 1185 3294 f·
1196 3234 1292 3298 differe·

194 3300 262 3359 bunt,
272 3300 331 3360 illic,
342 3303 384 3362 qs.
396 3300 455 3349 cod.
467 3301 640 3350 schwarzisn·
673 3304 747 3363 Mox,
759 3317 833 3352 voces
844 3303 945 3353 neminis
956 3302 993 3351 tui
1006 3306 1030 3350 et
1041 3301 1080 3349 sui
1097 3299 1163 3348 ducis
1176 3314 1228 3347 uon
1248 3315 1290 3362 ag·

194 3366 279 3413 noscit
300 3365 462 3428 (iscipu—3
476 3367 692 3428 Proepnsitinuem
712 3372 737 3417 in
756 3378 817 3417 ante
829 3369 914 3416 osculis
924 3366 1059 3416 delendum
1075 3365 1179 3429 putavit
1191 3365 1293 3416 scibat.

193 3430 219 3479 in
230 3430 304 3478 oculis
314 3430 474 3493 Gustum-l
485 3431 549 3482 eod.
558 3431 650 3482 Sclreff.
662 3433 739 3482 diuisa
749 3435 808 3495 reip.
820 3433 930 3482 membru.

226 3495 293 3544 Cur.
305 3507 417 3544 xxxvu.
451 3501 464 3544 l
485 3497 536 3544 Nec
549 3499 590 3560 piu
603 3497 728 3548 Hacinonn
739 3499 841 3546 Berua.
860 3497 911 3546 Nec
920 3497 1016 3559 pinnac
1026 3490 1239 3543 murnentanus
1251 3494 1293 3543 Li·

194 3560 245 3609 vin.
262 3561 315 3611 Nec
324 3561 365 3624 piu
378 3560 485 3609 Hemnnn
498 3563 560 3610 Exc.
572 3562 717 3613 Scbnnbov.
730 3571 757 3612 et
769 3564 828 3612 Vet.
841 3562 951 3610 Putean.
970 3562 1021 3609 Nec
1035 3560 1076 3622 pin
1087 3556 1206 3608 Hoentcnn
1219 3561 1291 3608 Vati-

193 3641 252 3676 enn.
263 3641 320 3676 cunr
331 3625 407 3675 codd.
416 3623 511 3674 Sabell.
523 3638 550 3675 et
562 3627 674 3692 Guelpb.
689 3628 809 3678 Hemnntn
825 3629 900 3676 etiam
915 3629 980 3676 Eue.
991 3625 1137 3676 Schonlrnr.
1158 3623 1292 3674 cumdius

688 3739 797 3792 NOTAE

226 3843 239 3879 Ρ
257 3837 385 3887 Continere
401 3836 560 3902 [contingere]
584 3839 628 3888 lta
647 3840 722 3889 resti·
762 3840 796 3890 be
813 3840 896 3889 Siscia
913 3836 1031 3887 tendenti
1049 3837 1075 3884 in
1092 3834 1198 3899 itinere,
1215 3836 1290 3888 nodie

195 3921 240 3963 tuu
253 3928 310 3962 cum
324 3915 447 3971 Gruteto,
459 3914 642 3978 praeeminere.
764 3916 883 3966 Lnnbueb.
915 3916 1054 3963 Rhenanus
1076 3926 1137 3961 vero
1160 3921 1245 3977 erunt,
1263 3920 1291 3962 ut

193 3981 202 4038 .“
226 3999 239 4033 t
271 3991 369 4040 Ventum
389 3992 548 4056 necessitatis]
577 3994 723 4043 Postulavit
764 3994 895 4043 Livineius
917 3998 988 4041 recte
1018 3990 1141 4045 advertit,
1163 4005 1223 4039 curu
1247 4005 1291 4054 pro

193 4066 292 4130 ignosci
302 4070 358 4125 sibi,
370 4069 437 4133 quod
448 4071 601 4120 necessitate
613 4071 724 4134 impulsu
764 4073 882 4122 Humana
901 4068 1004 4133 reponit
1016 4069 1130 4116 Narona:
1150 4082 1210 4116 nam
1231 4083 1291 4133 qun·

198 4155 289 4192 contre
304 4153 491 4208 repugnasset.
763 4149 840 4197 modu
856 4146 1015 4195 Theudosius
1035 4144 1180 4193 exercitum
1201 4157 1291 4208 prope·

229 4231 239 4256 f
256 4224 384 4288 Humum]
400 4226 469 4277 Urbs
481 4226 624 4292 Aquileiam
636 4241 667 4277 ex
680 4241 722 4277 ur·
764 4233 877 4287 tantem,
893 4217 940 4273 ‘ut
959 4221 1045 4286 spatia
1062 4221 1127 4272 lucis
1141 4221 1219 4285 unius
1229 4221 1291 4286 tuy-
