2730 4726
424 323 691 378 cons'rxunruo
717 331 805 379 nuc.
845 330 900 380 rx.
921 317 956 382 8.
1150 321 1239 390 1407

141 489 146 501 '
179 476 272 541 Can.
289 469 347 540 ut,
378 477 410 540 l.
435 475 501 542 Nae
518 482 565 555 tu,
580 475 781 560 Imperator,
796 477 899 542 nimio
918 479 1024 544 nostri
1043 501 1155 548 amore
1178 505 1237 551 ne·

135 581 234 645 scisti
251 580 293 644 ad
313 579 525 644 securitatem
545 580 642 644 nobis
660 599 737 645 vere
752 581 943 665 providere,
966 584 1024 667 qui
1041 605 1108 650 non
1123 589 1237 655 omnia

134 691 248 750 tecum
265 689 389 748 armam
411 682 576 759 movisti,t
596 703 671 747 cum
695 689 753 748 tua
778 686 989 750 conservatio
1011 688 1103 751 salus
1120 695 1237 756 nostra

133 789 193 852 sit.
237 787 269 850 2.
287 785 331 848 Et
341 785 421 868 quid
435 805 524 868 opus
536 787 681 870 eratipsi
697 786 820 851 Rheno
836 788 1010 854 instructis
1025 793 1060 854 et
1074 790 1238 858 militibus

133 897 170 954 et
184 889 362 962 classibus,
389 906 488 971 quem
505 886 705 972 jampridem
720 889 873 953 barbaris
890 889 1086 955 nationibus
1106 893 1237 958 virtutis

133 1001 206 1057 tuae
221 999 325 1056 terror
337 991 577 1055 obstruxerat't
627 989 683 1053 An
698 997 865 1055 ostentare
877 991 1015 1058 voluisti
1031 992 1237 1075 diligentiam

132 1101 236 1169 tuam,
248 1093 367 1157 divisis
377 1091 507 1176 copiis¹¹
521 1093 605 1156 iuter
614 1093 803 1157 custodiam
814 1095 908 1177 pacis
921 1103 955 1158 et
963 1095 1069 1159 bellil
1085 1115 1127 1158 an
1138 1096 1238 1161 etiam

128 1197 301 1281 jactanter
321 1201 356 1260 et
383 1195 527 1277 gloriose
551 1196 705 1278 probare,
726 1194 907 1260 liberandae
930 1197 1004 1260 urbi
1028 1203 1059 1260 te
1085 1197 1237 1262 sufficere

133 1318 211 1363 com
237 1298 381 1382 paucist
424 1295 458 1360 3.
481 1296 552 1360 Vix
576 1297 663 1361 enim
684 1303 804 1379 quarta
827 1301 921 1380 parte
940 1298 1106 1363 exereitus
1121 1305 1237 1366 eontra

132 1406 268 1465 centum
294 1400 401 1465 millia
424 1405 623 1465 armatorum
647 1399 794 1464 bostium
810 1397 919 1483 Alpes
938 1406 1163 1482 transgressus
1179 1422 1237 1468 es:

133 1508 172 1566 nt
187 1508 370 1584 appareret
383 1502 515 1587 penitus
530 1501 833 1580 considerantibus,
850 1501 902 1586 (id
919 1503 1008 1585 quod
1025 1523 1088 1567 nos
1103 1503 1187 1585 sugit
1201 1505 1237 1568 in

130 1623 250 1668 amore
264 1600 506 1688 trepidantes)l
528 1623 594 1667 non
607 1602 744 1667 dubiam
760 1609 805 1680 te,
822 1602 881 1667 sed
898 1603 1102 1686 promissam
1118 1604 1238 1669 divini-

131 1712 189 1771 tus
204 1711 314 1789 petere
330 1707 517 1772 victoriam.
560 1709 593 1770 4.
618 1706 772 1770 Duxerat
793 1723 952 1787 magnum
976 1706 1121 1770 Severus
1143 1727 1238 1771 exer·

131 1808 248 1900 citum,
264 1815 299 1872 et
313 1809 444 1874 hostem
459 1816 583 1888 suum‚⁰
595 1807 747 1893 pertidia
762 1807 927 1885 desertus,
941 1815 1137 1873 armaverat.
1162 1808 1236 1874 Ma·

125 1908 222 1992 jores
236 1916 359 1993 postea
371 1912 490 1994 copias
501 1910 734 1975 Maximianus
745 1909 952 1987 admoverat,
962 1915 996 1999 et
1010 1910 1084 1993 ipse
1096 1910 1240 1975 transfu-

131 2016 209 2096 gisp
231 2017 450 2081 circumcisus
465 2014 640 2080 videbatur
656 2034 815 2099 prospere
828 2015 1000 2097 refugisse.
1047 2014 1127 2097 lpse
1144 2015 1237 2078 deni·

131 2136 214 2200 que,
241 2120 298 2201 qui
326 2125 421 2204 pater
449 2117 540 2182 illius
568 2116 793 2194 credebatur,q
815 2116 992 2181 discissam
1022 2117 1065 2179 ab
1091 2115 1237 2181 humeris

163 2310 178 2345 ¹
196 2302 245 2358 Qoi
257 2317 303 2352 noa
315 2317 394 2351 omues
404 2302 484 2364 copias
496 2307 572 2350 tecum
582 2301 683 2350 duxisti.
764 2285 767 2296 ³

164 2365 176 2400 ²
196 2368 266 2424 Quod
276 2384 318 2418 aar
323 2381 376 2431 pre
386 2381 464 2416 anton
475 2368 512 2416 tui
522 2366 612 2429 trepidi
621 2383 666 2416 noa
677 2365 825 2430 agnouimus.

166 2613 233 2664 Cae.
246 2626 289 2662 ιιι.
323 2616 335 2660 l
355 2609 422 2660 Edd.
433 2616 499 2661 vett.
515 2611 541 2659 ia
555 2616 596 2660 tao
611 2611 804 2669 conuersatione,o
819 2615 849 2659 et
860 2609 898 2660 sie
909 2609 995 2660 Riviu.
1009 2615 1032 2659 1.
1053 2625 1106 2660 cum
1123 2615 1164 2660 tao
1183 2625 1238 2663 son·

130 2679 235 2729 servatio
246 2679 309 2727 Vet.
324 2676 434 2728 Putean.
445 2677 506 2726 Vct.
524 2677 609 2725 Lirin.
626 2676 712 2740 Mmrl.
728 2677 829 2724 Berlin.
841 2676 947 2737 Cuspio.
959 2677 1077 2725 Rbenan.
1099 2677 1134 2727 H.
1146 2677 1238 2739 Stepb.

130 2744 217 2794 Lirin.
235 2742 313 2792 Grut.
333 2751 361 2791 et
381 2745 543 2791 recente-2
561 2740 723 2803 nequiuerat
742 2755 800 2804 opus
811 2741 873 2789 Ver.
884 2741 968 2788 Livio.
985 2744 1126 2790 ‘ostentare
1140 2743 1238 2790 notuisti

129 2809 196 2858 Vct.
208 2805 315 2870 inepte!
334 2806 413 2856 Liuia
445 2806 519 2859 Mox.
532 2810 574 2854 aut
585 2807 658 2856 etium
669 2819 766 2867 omnes,
783 2811 878 2868 prater
894 2807 981 2854 Mori.
1000 2807 1026 2853 in
1041 2820 1091 2868 qtro
1106 2821 1137 2854 oa
1153 2806 1236 2857 etiam.

128 2872 247 2934 Deinde,
256 2873 299 2921 aad
308 2871 412 2934 gloriose
422 2871 491 2933 conj.
504 2870 586 2918 Livio.
603 2872 610 2900 ‘
624 2869 699 2920 Qtrod
715 2884 805 2932 parum
819 2870 973 2933 probabile!
989 2871 1132 2930 ἄρξει-3
1152 2871 1236 2921 baon.

130 2953 147 2988 e
159 2938 310 3001 conjectura
323 2935 442 2996 Lirineii,
451 2940 576 2999 appareret
585 2935 705 2997 penitius,-
721 2934 763 2984 ed.
780 2935 872 2984 Venet.
890 2939 961 2984 1728.
978 2951 1001 2983 o.
1014 2936 1129 2998 penitius,
1143 2935 1235 2984 vitiose

130 3018 180 3067 pro
194 3001 307 3065 penitius.
340 3001 414 3062 Mox,
423 3002 460 3049 tui
470 3015 549 3050 amore
559 3000 646 3049 Moeri.
673 3000 740 3048 ‘Sed
752 3014 801 3048 non
812 3009 852 3050 est
862 3001 1015 3049 solicitanda
1024 3000 1129 3061 vrrlgata
1138 2999 1238 3050 lectio!

129 3069 272 3130 degsa—t
290 3067 348 3115 Vox
358 3065 511 3116 circumcisus
522 3064 598 3114 deest
615 3064 640 3112 in
660 3063 720 3112 edd.
740 3065 846 3127 Cuspio.
860 3065 1025 3114 attenuata.
1040 3065 1132 3127 Stepb.
1152 3065 1237 3114 Livio.

131 3133 219 3183 Rivin.
238 3132 273 3181 al.
292 3139 352 3180 ante
368 3131 446 3181 Grut.
480 3131 543 3180 Eam
564 3143 626 3179 vero
642 3143 657 3177 e
674 3129 731 3178 eod.
748 3131 849 3179 Bertin.
862 3137 1038 3179 assumserunt
1050 3129 1110 3177 edd.
1123 3137 1236 3180 recentt.

130 3197 195 3248 Vat.
206 3196 319 3246 Peteon.
335 3197 423 3247 Moerl.
436 3201 463 3245 et
478 3195 566 3246 Vatia.
577 3195 674 3246 babent
688 3195 847 3254 circumcisa·
866 3196 948 3245 Livia.
965 3195 1034 3258 conj.
1050 3196 1238 3254 circumsessum

631 3342 739 3394 NOTAE

163 3451 181 3477 η
193 3441 282 3507 Arma]
300 3442 405 3505 Copias,
416 3442 556 3492 exercitus.
702 3439 849 3488 Herculeus
860 3438 982 3501 preclare
990 3451 1076 3487 seeum
1089 3443 1174 3488 actum
1188 3454 1236 3503 pu·

163 3526 176 3552 ¹
194 3516 476 3581 novocomensis
495 3518 527 3567 ad
547 3516 665 3567 Rhenum
701 3514 784 3578 tabat,
796 3513 864 3578 qood
877 3513 1004 3562 Maxentii
1022 3528 1111 3563 manus
1129 3512 1235 3578 efftrgis·

129 3592 567 3656 relictia,aliisiultaliamductis.
701 3599 751 3648 set,
774 3591 875 3642 arnissis
900 3591 982 3654 copiis
1008 3605 1083 3655 paene
1108 3592 1234 3648 omnibus,

162 3678 176 3704 ⁰
187 3669 375 3734 Hostemumm]
389 3669 562 3731 Maxentium,
574 3668 665 3718 adrer-
701 3683 759 3733 quae
776 3669 840 3720 item
858 3669 891 3719 ad
909 3670 1072 3720 Maxentium
1090 3667 1235 3732 transfuge-

127 3760 172 3796 sus
192 3760 268 3810 quem
287 3746 398 3794 Severus
419 3747 508 3794 Cesar
525 3761 539 3793 a
556 3745 665 3795 Galerio
700 3751 770 3795 rant.

128 3822 253 3887 Augusto
283 3822 385 3884 missus,
406 3823 536 3872 Maxentii
565 3822 664 3872 artibus
700 3873 702 3876 ,
731 3822 1234 3888 ‘tQuipaterilliascredebotar]Adver-

129 3898 346 3963 proditnsasnis,
354 3899 448 3962 raptim
456 3897 547 3964 tingere
557 3913 663 3951 necesse
699 3915 743 3950 sus
766 3914 819 3964 eos,
837 3900 880 3965 qni
900 3901 1063 3950 Maxentium
1081 3899 1235 3949 Maximiani

127 3976 461 4040 babuitpaauesoluc;mox
470 3980 512 4028 vel
523 3979 663 4043 Ravenna,
699 3991 788 4026 voratu
807 3975 886 4026 tilium
905 3975 985 4027 fuisse
1002 3982 1103 4039 potant,
1124 3976 1233 4026 multum

127 4054 171 4102 vel
184 4053 284 4111 Roma,
297 4051 324 4101 in
336 4051 378 4100 via
392 4051 488 4118 Appia,
498 4069 514 4104 a
525 4055 662 4107 Maxentio
698 4055 762 4106 iacit
772 4057 815 4107 bie
827 4057 909 4118 locus,
920 4062 947 4104 et
959 4069 1016 4117 cap.
1029 4069 1069 4104 rr.
1087 4057 1094 4084 ‘
1108 4056 1145 4104 Ut
1158 4056 1233 4105 omit·

127 4129 186 4194 ipso
199 4126 354 4179 interfectus
365 4136 415 4178 eat.
698 4138 751 4183 tam
763 4132 832 4197 quod
844 4137 902 4182 erat
913 4132 956 4179 ille
971 4130 1125 4180 Maximiani
1136 4146 1233 4195 suppo·

162 4213 176 4248 a
194 4206 231 4256 Et
250 4206 301 4269 ipre
322 4205 466 4270 transegit]
490 4207 662 4260 Maximianus
698 4211 782 4276 situs,'
798 4214 848 4262 &a
866 4210 1022 4276 iterumque,
1038 4209 1096 4261 ‘Ut
1112 4207 1177 4262 falso
1190 4223 1234 4275 gc·
