2730 4726
240 656 242 661 ¹
377 733 569 840 VITA
633 656 1004 857 uuuuuu

496 1043 693 1101 nussum
702 1045 885 1098 exposlun
1010 1086 1014 1091 ,
1074 1039 1077 1044 ¹

196 1275 486 1360 acuursr.
528 1277 797 1358 corururo
837 1238 1194 1375 Summanum,
1220 1270 1241 1354 ,ἰ

461 1535 465 1543 “
535 1542 843 1571 m

139 1721 361 1812 Eumenius
377 1745 491 1810 rhetor
505 1741 568 1806 fuit
593 1739 843 1824 Augustoduni,
859 1748 1036 1829 metropoli
1051 1747 1240 1817 AEduorum

137 1850 172 1914 in
199 1849 324 1926 Gallia,
346 1869 424 1933 quae
451 1850 530 1912 urbs
555 1866 596 1910 eo
624 1854 776 1929 tempore
803 1848 992 1914 liberalium
1013 1853 1142 1916 ,artium
1168 1853 1242 1936 cul?

138 1961 212 2018 tum
227 1954 364 2018 multum
381 1951 503 2016 floruit.
549 1949 680 2013 Ibidem
697 1951 775 2014 olim
792 1957 826 2015 et
845 1951 999 2016 Eumeuii
1014 1973 1099 2017 avus
1115 1954 1240 2020 docue-

138 2063 200 2134 rat,
215 2056 426 2138 octogenario
441 2053 557 2137 major,
573 2051 675 2116 homo
691 2051 833 2118 Athenis
852 2062 957 2132 ortus,
975 2056 1163 2141 Romaeque
1179 2058 1240 2122 diu

136 2161 290 2224 celebris.
313 2157 395 2220 Vid.
410 2155 552 2219 Eumen.
566 2153 659 2218 Orat.
674 2175 736 2237 pro
752 2156 907 2222 Restaur.
919 2158 1033 2224 Schol.
1048 2180 1125 2242 cap.
1136 2175 1239 2223 xvir.

136 2261 296 2325 inclaruit
325 2258 510 2322 Eumenius
535 2257 627 2321 circa
652 2258 780 2323 exitum
807 2261 925 2325 saeculi
949 2281 970 2326 a
994 2260 1131 2326 Christo
1157 2268 1252 2333 nato¹

134 2363 247 2442 tertii3
281 2369 319 2426 at
341 2362 502 2425 incertum
528 2365 590 2436 est,
619 2379 689 2444 quo
714 2360 771 2424 ille
798 2380 886 2426 anno
906 2369 1018 2440 uatus,
1041 2369 1239 2428 mortuusve

133 2466 254 2546 luerit3
274 2483 469 2548 quanquam
492 2462 604 2545 ipsum
628 2463 670 2525 ad
696 2464 979 2544 ingravescentem
999 2470 1133 2529 aetatem
1158 2484 1239 2549 pro·

133 2568 290 2642 cessisse,
313 2586 355 2630 ex
383 2564 603 2647 Panegyricis
631 2565 768 2647 reliquis
792 2566 1025 2647 intelligamus.
1071 2567 1166 2632 Obiit
1180 2569 1237 2634 ille

133 2671 168 2734 in
184 2670 263 2734 aula
284 2667 471 2732 Constantii
496 2666 624 2742 Chlori,
648 2675 761 2749 partes
780 2669 947 2732 sustinens
961 2670 1110 2751 magistri
1126 2689 1236 2738 sacras

132 2773 324 2851 memoriae3
347 2790 511 2853 suamque
539 2770 784 2846 dexteritatem,
808 2778 843 2834 et
865 2771 986 2852 ingenii
1002 2775 1235 2854 praestantiam

132 2875 261 2940 Caesari
278 2873 415 2938 mirifice
432 2873 643 2956 approbavit.
689 2872 782 2936 Hinc
796 2879 831 2938 et
845 2873 1066 2938 Constantius
1078 2875 1113 2937 in
1128 2875 1235 2941 literis

131 2976 175 3039 ad
193 2976 389 3039 Eumenium
406 2975 509 3051 datis,
526 2995 602 3056 qnae
626 2974 727 3056 hujus
749 2974 894 3038 orationi
917 2994 977 3058 pro
999 2974 1236 3042 Instaurandis

130 3078 264 3143 Scholis
280 3096 355 3160 cap.
373 3091 454 3139 xrv.
470 3076 602 3141 insertae
624 3077 787 3157 leguntur,
813 3082 959 3140 testatus
984 3086 1046 3154 est,
1063 3098 1101 3142 se
1125 3080 1234 3162 ipsius

129 3181 368 3264 eloquentiam,
384 3186 418 3244 et
440 3198 568 3243 morum
593 3180 788 3260 gravitatem
812 3197 856 3242 ex
882 3179 1028 3242 muneris
1047 3180 1149 3244 aulici
1174 3183 1233 3247 ad·

129 3281 375 3347 ministratione
392 3289 601 3364 compertam
618 3281 761 3360 hahere;
785 3281 941 3363 adeoque
957 3290 990 3344 et
1002 3280 1140 3345 eundem
1155 3284 1234 3348 hor·

129 3391 219 3450 tatus
235 3392 300 3461 est,
315 3390 363 3462 nt,
374 3385 470 3449 salvo
485 3383 615 3448 honoris
630 3383 770 3466 palatini
788 3383 976 3465 privilegio,
992 3383 1246 3466 professionem

6 3568 7 3571 Ἴ
128 3488 306 3553 oratoriam
331 3492 503 3570 repeteret,
530 3491 632 3569 atque
654 3487 685 3550 in
713 3485 1067 3566 Augustodunensinm
1088 3489 1235 3554 civitate·

127 3596 256 3655 mentes
272 3587 538 3655 adolescentium
554 3588 598 3651 ad
621 3589 700 3651 vitae
721 3587 870 3651 melioris
886 3587 1033 3652 studium
1050 3591 1230 3671 excoleret,

127 3714 237 3779 neque
252 3698 386 3776 putaret
409 3694 472 3757 hoc
497 3710 630 3754 munere
657 3691 763 3773 partis
781 3695 881 3755 antea
899 3690 1079 3753 honoribus
1101 3691 1228 3775 aliquid

126 3798 292 3879 derogari,
331 3814 403 3858 cum
442 3793 586 3857 honeste
616 3793 784 3876 professio·
812 3799 908 3856 ornet
937 3793 1055 3873 potins
1084 3812 1229 3873 omnem,

126 3918 229 3982 quam
253 3897 416 3971 destruat,
440 3895 645 3976 dignitatem.
692 3893 772 3973 era
794 3893 835 3957 de
862 3913 966 3957 causa
992 3899 1025 3957 ct
1050 3892 1229 3976 duplicata

125 4002 288 4084 pensione
311 4016 458 4064 sexcena
481 3998 588 4061 millia
603 4018 771 4066 nummum
792 3998 823 4059 ei
850 4016 870 4059 a
894 3996 1030 4060 Caesare
1050 4001 1227 4078 quotannis

126 4111 202 4167 suut
216 4101 390 4168 attributa.
435 4099 546 4178 Quam
561 4101 730 4182 ingentem
755 4099 911 4184 pecuniae
927 4117 1089 4163 summam
1107 4092 1228 4166 Eume*
