2730 4726
185 328 274 399 12⁶2
434 345 438 367 ²
572 346 738 397 nuunurr
763 337 906 398 oenum

188 491 377 572 Deliacos,⁰
391 499 450 559 aut
463 491 602 558 Indicus
610 492 662 562 ,ad
684 494 853 558 uberrima
870 495 938 559 ista
960 494 1162 579 compendia
1175 498 1289 563 leudis

186 597 336 679 aspirat3
358 595 419 661 sed
432 616 528 673 rarae,
544 604 648 681 atque
667 597 752 661 inter
772 598 1002 682 paucissimas
1017 617 1100 682 opes
1115 608 1196 665 suut
1211 619 1290 665 con-

187 704 290 763 tentae
315 699 441 763 meritis
472 699 701 764 conscientiae.
745 699 777 763 3.
802 698 940 783 Quippe
966 699 1032 764 hoc
1056 701 1134 783 ipso
1159 703 1290 785 praemii

146 844 155 852 ,
186 801 294 883 gloria
308 802 504 880 continetur,
520 820 563 865 ne
583 802 618 866 id
643 801 829 886 cupiditate
852 801 1023 886 quaerendi
1047 801 1226 870 affectasse
1240 806 1290 871 vi-

181 903 337 973 deamur.
382 902 483 983 Quod
498 902 564 967 hoc
578 922 646 967 uno
661 905 802 987 assequi
817 923 1012 989 possumus,
1026 905 1057 968 si
1072 914 1289 992 proeccepto

184 1003 350 1087 ducamus
366 1006 535 1070 oblatumr
556 1011 595 1070 ut
615 1006 786 1071 industriae
814 1008 859 1071 sit
885 1007 928 1071 ad
952 1008 1130 1072 sumendi¹³
1152 1011 1290 1094 copiam

186 1109 362 1192 pervenire
378 1109 554 1192 putuisse;
576 1109 801 1182 continentiae,
817 1110 1035 1194 praeteriisse.

231 1208 320 1275 Gne.
336 1227 425 1274 xtrr.
469 1211 501 1289 1.
522 1210 590 1287 An,
606 1210 636 1275 si
652 1210 826 1277 fortissimi
843 1212 905 1276 viri
926 1212 960 1275 in
977 1212 1084 1276 sacris
1099 1215 1289 1289 certamini·

186 1311 264 1391 bus,
275 1312 540 1390 summolabore,
551 1319 652 1396 atqua
665 1314 765 1377 etiam
778 1313 858 1378 vitae
871 1314 1038 1398 periculo,
1051 1315 1164 1380 solem
1170 1335 1290 1394 vocem

186 1414 378 1498 praeconis‘¹
402 1421 436 1479 et
460 1433 591 1479 coronae
615 1415 844 1480 testimouium
866 1421 992 1499 petunt,
1015 1437 1077 1498 ego
1090 1418 1202 1482 ‘verba
1230 1418 1289 1483 illa

187 1517 317 1594 divina,
340 1518 566 1600 coelestesque
590 1517 718 1594 literas,
744 1518 868 1601 quibus
892 1518 972 1582 milri
988 1519 1080 1583 tanti
1108 1518 1289 1604 Principes

187 1619 426 1685 instituendam
448 1619 661 1702 juventutem
685 1618 920 1686 commendare
946 1620 1078 1703 dignati
1102 1629 1196 1698 snut,
1219 1642 1288 1687 nou

187 1724 275 1788 ultra
289 1722 436 1786 omnium
453 1741 574 1785 vocum
590 1722 802 1803 potentiam¹
816 1722 1071 1799 uenerabundus
1087 1724 1288 1807 accipiam?

185 1843 252 1889 non
267 1824 351 1887 ultra
364 1842 478 1888 omnes
492 1823 625 1889 laureas
648 1823 786 1888 colaml
810 1822 907 1903 Quas
924 1844 999 1907 ego,
1014 1823 1061 1889 V.
1077 1825 1120 1889 P.
1164 1826 1197 1890 2.
1221 1826 1289 1892 Ta-

186 1926 326 1993 menetsi
338 1925 423 1990 banc
439 1945 571 2009 quoque
585 1925 666 1990 milri
679 1927 815 1991 veniam
830 1926 971 2004 tribuas,
986 1931 1128 2010 oportet.
1158 1925 1290 2011 -Neque

186 2031 273 2094 enim
297 2029 362 2105 fas,
376 2027 486 2111 ipsius
501 2028 657 2110 epistolae
682 2047 789 2094 sacrae
806 2029 1152 2093 commemorationem
1177 2031 1287 2097 solam

187 2134 259 2200 sine
274 2130 441 2214 obsequio
455 2130 664 2196 recitationis
673 2130 831 2196 inducere
844 2130 874 2212 ;³
895 2136 943 2209 ut,
955 2149 997 2195 ee
1006 2130 1169 2214 perlecta,
1180 2134 1290 2218 magis

219 2307 230 2342 ⁸
247 2310 331 2373 Neque
345 2309 408 2386 enim
427 2309 483 2359 ticet
499 2323 592 2360 merem
608 2307 732 2374 epistolem
745 2322 924 2360 commentorem
936 2294 1019 2373 ment,
1030 2294 1084 2358 ¹nisi
1092 2311 1214 2372 praetem
1224 2294 1291 2359 tttan

186 2383 321 2425 reverenter
333 2381 436 2425 recitem.

648 2450 828 2474 ΜΟΙΜΙΙΟ

185 2551 203 2599 2
218 2546 281 2596 Vct.
293 2545 376 2594 Lirin.
391 2550 434 2596 eut
445 2545 573 2596 Delieitee.
608 2543 716 2607 cuspin.
727 2543 809 2593 Lirin.
820 2545 914 2608 steph.
925 2550 953 2596 et
965 2544 1081 2594 Peterol.
1098 2543 1164 2595 inter
1172 2545 1291 2608 pomasi·

185 2615 293 2662 ηομ-3
311 2611 377 2660 Edd.
396 2618 461 2660 vett.
476 2615 504 2659 nt
521 2610 648 2659 industrie
667 2609 815 2672 adsumendi,
833 2614 875 2673 ἃμ.
909 2610 1025 2660 Verbum
1045 2611 1078 2658 sit
1096 2609 1215 2660 inserunt
1228 2612 1289 2661 Ver.

183 2677 298 2727 Puteum.
309 2677 370 2725 Ver.
384 2676 466 2725 Lirin.
479 2674 593 2738 Guelph.
606 2675 671 2722 Ere.
681 2673 827 2724 Scironlror.
838 2684 866 2726 et
882 2673 943 2725 edd.
960 2684 1021 2739 post
1039 2674 1117 2724 erue
1134 2677 1167 2724 nd
1176 2677 1292 2726 >mendi

185 2740 263 2792 codd.
274 2755 317 2804 ep.
329 2741 422 2806 Arntz.
430 2749 457 2790 et
468 2740 529 2788 edd.
540 2746 600 2803 post
612 2739 697 2788 Bsuu.
706 2748 733 2788 et
744 2739 781 2788 alc
792 2739 860 2803 conj.
871 2740 952 2789 Lirin.
969 2739 1103 2802 prevenire
1111 2739 1221 2802 potuim
1231 2741 1290 2792 eac

183 2815 251 2858 vett.
265 2805 389 2871 pervenire
403 2806 508 2870 potuisse
518 2803 595 2855 codd.
606 2812 634 2853 et
644 2803 704 2853 edd.
717 2803 1022 2867 postGrut.continentiu
1034 2803 1147 2868 Guelplr.
1180 2847 1183 2857 ,
1260 2855 1267 2862 .

196 2879 200 2885 '
221 2872 288 2922 cm.
299 2884 363 2920 xrrr·
391 2875 404 2920 l
423 2872 540 2921 Rheuen.
553 2879 580 2920 et
591 2869 767 2919 linimentum
780 2883 858 2919 uocem
872 2871 1002 2932 precanter
1019 2869 1142 2918 B'elduiu.
1156 2881 1213 2920 nc.
1228 2884 1292 2934 pra·

184 2937 256 2985 conii.
289 2937 347 2985 Vox
357 2941 450 2998 petunt,
462 2943 488 2984 et
500 2950 558 2984 mox
570 2935 741 2983 instituendam
751 2933 847 2982 desunt
859 2934 888 2998 in,
897 2935 955 2983 eud.
969 2935 1058 2983 Moerl.
1089 2932 1235 2993 Arruntius,
1243 2943 1289 2999 pro

183 3001 323 3063 potentium,
334 3000 401 3063 conj.
418 3001 569 3062 preconium·
592 3001 600 3027 ⁴
611 2999 678 3054 Quos
688 2995 744 3059 ego]
757 2997 789 3046 Iu
800 2999 844 3048 ed.
855 2999 973 3048 Rhenani
983 2999 1062 3060 Leges
1069 3012 1126 3060 ergo
1139 2998 1289 3060 vulgatum

184 3066 230 3114 ned
244 3078 345 3123 vereor,
357 3079 389 3112 ne
408 3078 424 3112 e
441 3074 618 3113 correctarum
631 3076 724 3121 menu5
740 3077 799 3111 uem
812 3064 921 3127 primum
932 3064 960 3113 iu
972 3062 1120 3112 melioribus
1135 3062 1218 3126 libris,
1229 3064 1290 3113 Vct.

184 3138 282 3190 nostro,
293 3127 464 3190 Bertiulensi,
476 3126 638 3191 cuspiniani,
648 3128 752 3174 invenio
762 3136 912 3177 constanter
928 3143 986 3192 quus
1000 3142 1054 3189 ego,
1069 3126 1097 3176 V.
1107 3128 1140 3177 P.
1175 3127 1292 3189 usmeta.

184 3196 226 3256 epe.
260 3193 372 3248 Deinde,
384 3207 434 3256 quo
444 3193 573 3242 eorrectio
585 3192 701 3255 pertinet
713 3190 831 3241 Tamari?
865 3191 931 3242 Quae
952 3193 978 3240 iu
996 3193 1044 3241 trac
1056 3201 1143 3240 nostre
1155 3191 1291 3250 dructesi-

183 3274 223 3307 σει
234 3273 284 3307 uon
295 3267 335 3307 eet
347 3256 478 3322 obscura!
494 3257 577 3306 Licin.
609 3256 760 3306 bacrionem
773 3256 838 3304 hauc
850 3259 925 3306 trium
937 3255 1013 3305 codd.
1031 3270 1093 3321 quos
1106 3256 1208 3308 indicet
1221 3259 1289 3306 Livi·

185 3322 269 3383 nnius,
290 3330 396 3372 tuentur·
414 3316 491 3371 eriam
510 3321 586 3371 codd.
601 3322 711 3370 Puteau·
727 3329 755 3369 et
771 3321 859 3369 Moerl.
893 3321 961 3370 Vide
973 3323 1050 3371 tht.
1061 3321 1188 3372 Verre-2
1207 3317 1291 3386 Nedao

183 3388 249 3453 *enim
257 3389 346 3450 ipsine.
356 3385 544 3446 ..induceresus
555 3392 592 3437 est
603 3387 664 3436 edd.
677 3392 738 3436 aute
749 3385 828 3436 Grut.
852 3386 976 3437 Nostram
987 3388 1050 3438 tect.
1060 3394 1166 3437 servent
1174 3386 1290 3453 Gnelpln

588 3549 591 3552 -
672 3480 789 3566 norm
896 3549 901 3554 .

185 3615 261 3676 viles,
273 3615 338 3665 lucri
349 3620 375 3663 et
386 3621 498 3678 quaestus
515 3614 595 3676 avidi,
606 3627 637 3662 ac
649 3627 715 3662 rner-
788 3619 802 3653 Ρ
818 3611 859 3663 Aa
869 3612 988 3678 sumendi]
999 3611 1049 3661 Alii
1060 3624 1113 3661 une
1123 3624 1189 3662 voce
1201 3611 1290 3676 legunt

183 3696 282 3744 ceturae
309 3691 372 3741 neti.
407 3689 442 3740 Hi
468 3699 563 3740 autem·
584 3688 616 3739 nd
644 3702 716 3739 mure
755 3693 900 3741 assumendi.
934 3692 1063 3753 Egerero
1078 3689 1290 3739 Lirineiiemen·

183 3769 405 3818 Mediterraneum
418 3767 544 3817 incolunt.
560 3767 665 3817 Dictum
676 3772 718 3816 est
756 3767 887 3818 dationem
899 3779 1000 3832 sequor.
1262 3771 1269 3785 '

183 3859 263 3908 snpra
273 3843 307 3893 de
319 3843 405 3908 Syria,
415 3843 514 3906 Peneg.
527 3857 559 3891 rr.
569 3847 595 3892 7.
607 3871 609 3876 ·
656 3857 658 3861 ¹
758 3879 764 3885 .
787 3851 799 3888 e
820 3843 903 3893 Vocem
916 3841 1045 3907 preconia]
1062 3842 1122 3895 Qus
1134 3839 1221 3891 tictcr
1232 3854 1291 3906 pro·

186 3949 188 3954 ·
216 3917 715 3982 ⁰Deliuem1DelosinsulemarisAE·
755 3920 920 3970 clamaretur.
1150 3933 1153 3941 ·
1225 3946 1227 3952 ι
1260 3924 1267 3938 ⁶

184 3996 236 4056 get,
253 3998 335 4058 prima
352 3997 422 4045 iuter
437 3994 575 4058 Cycladas,
587 3994 715 4058 Apollinis
787 3993 1055 4060 ''Vernmpotenticm]
1072 3993 1162 4044 Facile
1173 3993 1290 4048 etnam

184 4079 212 4118 et
223 4069 716 4138 Dianae-ustauhunnobilitare,Stittes.
755 4078 852 4122 ut‘eum
866 4072 982 4123 Acidalio
994 4073 1088 4137 tegern,
1102 4084 1186 4120 seeum
1200 4084 1291 4136 praae-

183 4145 227 4193 De
239 4145 315 4206 ludia
331 4149 434 4209 regione
447 4146 515 4207 Arte
530 4145 665 4197 notissime
677 4145 714 4196 di·
754 4146 828 4197 etun.
909 4203 913 4208 ,

183 4222 398 4275 cetureliclocc.
438 4283 442 4292 ⁸
535 4212 539 4224 ¹
