2730 4726
130 330 217 399 130⁰
451 342 619 395 souunrr
642 343 913 394 rapueramus

130 487 318 574 impensius
337 487 549 572 gratulantur,
563 487 678 573 quod⁴
696 493 792 553 tauta
810 487 869 554 illa
889 490 941 553 vis
959 486 1107 554 nauticae
1123 491 1228 558 rebel·

45 622 52 628 ·
129 594 230 663 lionis
250 592 286 657 in
308 591 464 674 vestigiis
485 592 558 656 suis
577 591 738 657 concidit.
782 593 816 656 7.
836 591 954 675 Atque
969 591 1082 676 ipsam
1096 593 1229 659 Britan·

130 697 233 774 uiam,
247 713 326 779 quar
347 689 462 758 eedem
482 693 640 759 diuturno
653 693 773 758 sceleri
787 695 1001 778 praebuisset,
1011 702 1147 762 constat
1160 697 1231 763 vio·

130 800 250 866 loriam
265 805 410 862 vostram
425 794 481 861 sui
494 796 706 860 restitutione
719 797 887 861 sensisse·

174 900 265 966 Gau.
289 914 378 965 xrx.
413 898 446 964 1.
468 896 591 963 Merito
609 899 712 979 igitur
730 901 842 965 statim
860 905 963 983 atque
977 899 1023 964 ad
1035 899 1133 965 littus
1149 901 1232 970 illud

129 1007 314 1087 exoptatus
333 1001 416 1067 olim
435 999 573 1079 vindex,
588 1008 621 1067 et
639 1001 795 1066 liberator
809 1001 1003 1086 appulerus,
1017 1002 1140 1067 obvius
1156 1023 1231 1069 sese

107 1105 303 1189 'majestati
331 1109 399 1169 tuae
428 1096 641 1186 triumphush
670 1102 797 1182 effudit,
825 1103 1077 1187 exultantesque
1105 1105 1231 1188 gaudio

130 1208 384 1275 Britannicum
404 1205 605 1289 conjugibus
621 1226 663 1272 ae
680 1205 797 1271 liberis
818 1207 1020 1285 obtulerunt,
1033 1227 1099 1271 unu
1119 1216 1155 1273 te
1179 1209 1232 1293 ip-

38 1336 41 1340 ’
131 1330 208 1376 eum
228 1310 344 1388 modo,
359 1329 471 1395 quem,
486 1314 525 1374 ut
543 1311 631 1375 eoelo
646 1309 835 1392 delapsum,
849 1309 1075 1387 intuebantur,
1091 1309 1154 1375 sed
1170 1312 1233 1376 eti·

130 1434 186 1479 aur
205 1414 302 1479 navis
322 1412 426 1490 iilius,
440 1431 518 1496 qnae
538 1424 632 1478 tuum
650 1433 773 1478 numen
789 1412 986 1491 advexerat,
999 1413 1087 1490 vela,
1100 1415 1232 1497 remigi-

131 1536 220 1601 aque
241 1522 448 1592 venerantes,
463 1515 642 1599 paratique
662 1522 696 1581 te
715 1514 952 1598 ingredientem
970 1515 1087 1579 stratis
1106 1517 1233 1582 sentire

131 1613 363 1702 corporibus!
400 1619 433 1682 2.
456 1616 535 1683 Nee
557 1618 688 1696 mirum,
710 1618 740 1683 si
763 1624 856 1683 tanto
879 1616 1003 1701 gaudio
1024 1617 1233 1699 ferebantur,

131 1728 212 1806 post
230 1726 282 1787 tot
300 1716 478 1785 anuomm¹
496 1719 717 1784 miserrimam
732 1720 977 1804 captivitatem,
991 1728 1072 1803 post
1086 1722 1234 1792 violatas

131 1824 304 1908 conjuges,
327 1828 404 1906 post
428 1822 608 1888 liberorum
632 1829 733 1906 turpe
757 1823 938 1901 servitium,
962 1823 1100 1888 tandem
1123 1823 1234 1904 liberi,

131 1926 331 2010 tandemque
346 1924 506 2004 Romani,
521 1927 654 1991 tandem
670 1945 746 1992 vera
760 1926 891 2010 imperii
909 1927 988 1991 luce
1002 1927 1157 1990 recreati.
1199 1928 1233 1993 8.

132 2028 309 2114 Siquidem
330 2033 451 2112 praeter
475 2029 568 2095 illam
589 2029 778 2095 clementiae
801 2034 931 2106 vestrae,
952 2027 1160 2113 pietatisque
1181 2029 1235 2096 fa-

132 2151 233 2209 mam,
258 2151 338 2216 quae
366 2132 535 2196 communi
562 2131 713 2216 gentium
743 2150 828 2199 voce
856 2131 1055 2209 celebratur,
1080 2132 1117 2196 in
1142 2132 1235 2216 ipso,

165 2274 179 2310 ὅ
194 2274 242 2325 Sed
256 2275 284 2324 ot
295 2275 398 2340 idipsam
410 2274 566 2339 mutentur
576 2273 654 2336 nugis
664 2278 715 2325 taor
723 2274 879 2338 munao
888 2281 973 2326 nestro
980 2281 1079 2342 propter
1088 2275 1146 2328 em
1156 2278 1236 2329 ruini-

132 2341 260 2390 rrirtrntam
267 2339 361 2404 uuam,
368 2343 534 2400 ramsortanae
542 2344 641 2404 propter
649 2340 706 2390 dene
716 2340 857 2402 consectum,
866 2345 936 2405 qaod,
946 2346 987 2406 tre.

164 2404 351 2519 ‘smmisffim
361 2413 397 2456 ert
407 2421 460 2456 enm
470 2409 593 2468 mannase
605 2410 700 2455 tuntum
714 2411 817 2456 nestram
827 2408 952 2458 uictoriam
968 2409 1143 2459 instauratione
1158 2410 1197 2459 sai
1207 2409 1236 2458 ia

132 2483 168 2518 are
178 2485 251 2519 rorem
261 2485 273 2518 s
285 2487 299 2518 n
310 2486 358 2521 am.

159 2533 177 2575 s
190 2535 325 2600 Suppositir
338 2535 608 2601 anianaemerito.
625 2512 628 2516 Δ

588 2646 769 2670 “emanue

132 2727 246 2779 deontia
258 2731 320 2780 vet.
330 2731 443 2783 Puteau.
454 2733 556 2781 Bertin.
567 2732 674 2796 Crispin.
692 2734 765 2783 ,adm
774 2732 946 2796 providentium
956 2739 1066 2797 uernum,
1079 2739 1104 2784 et
1118 2733 1146 2783 in
1155 2734 1236 2794 fortis

125 2794 253 2854 fortunam
263 2797 360 2861 impona.
371 2800 436 2848 Exn.
447 2798 529 2860 Laug.
563 2803 588 2848 et
598 2799 625 2847 in
634 2799 698 2847 adm.
710 2799 764 2848 delli
772 2814 797 2861 p.
807 2804 894 2847 neutro
903 2800 970 2861 conj.
981 2799 1082 2850 Acidni.
1106 2800 1237 2860 insertione

126 2859 236 2938 [mano
248 2863 307 2911 odd.
318 2870 384 2913 vett.
410 2863 541 2925 infactione
553 2864 663 2940 fortuma
683 2864 717 2912 al.
742 2863 1235 2942 a·r0roectioaqforra3taeconj.1rvin.

131 2927 1238 3058 saltimlddrrt‘ltdltt‘llu{troila‘tlzd'dtzttdl

133 3059 148 3103 ⁷
165 3057 244 3119 AEqae
254 3057 329 3118 ipram
344 3059 411 3121 conj.
423 3056 507 3108 Lirin.
533 3064 583 3106 tom
594 3059 707 3109 diuturno
718 3059 778 3108 edd·
789 3067 850 3109 unte
861 3059 952 3109 Arntu.
975 3066 1024 3110 tom
1034 3059 1112 3111 deest
1122 3060 1149 3109 iu
1162 3061 1236 3111 (ind.

134 3124 159 3169 1.
169 3125 195 3168 2.
207 3129 234 3170 et
245 3123 306 3171 Vel.
325 3124 438 3172 Puteau.
465 3122 590 3173 victoriana
604 3137 626 3172 e.
644 3138 666 3171 r.
683 3140 705 3173 a·
721 3130 826 3174 neutram
842 3124 902 3175 edd.
914 3131 974 3175 unte
984 3124 1083 3188 Jaeger.
1108 3126 1237 3176 uictoriam

132 3191 236 3236 nestram
253 3201 274 3236 a.
291 3202 314 3236 r.
328 3188 428 3238 ernam
443 3188 505 3238 Vet.
523 3188 635 3238 Puteau.
653 3188 723 3239 Gnd.
742 3194 768 3238 2.
781 3199 809 3239 et
826 3191 912 3240 Moerl.
946 3191 1000 3240 Pro
1016 3190 1054 3240 mi
1066 3190 1152 3242 Lirin.
1164 3193 1236 3256 conj.

132 3250 179 3298 tui.

166 3314 234 3363 Cur.
256 3328 318 3364 xix.
334 3321 347 3365 1
366 3299 434 3367 vet]
448 3316 533 3367 Livia.
551 3319 678 3382 adoptatus
693 3318 758 3367 otim.
791 3319 865 3380 Mox,
882 3318 1030 3382 conjunctio
1046 3335 1099 3369 eam
1114 3318 1193 3370 deest
1209 3320 1237 3370 in

133 3378 248 3443 Guelplr.
273 3383 366 3431 maele
378 3383 466 3432 Moerl.
492 3385 643 3433 atunestin
660 3384 765 3433 Gud.2.
790 3398 875 3432 namen
885 3385 1018 3434 adduxerat
1029 3384 1055 3433 in
1070 3386 1164 3434 eodem
1176 3386 1237 3436 cod.

132 3452 249 3501 verentes,
260 3459 308 3509 pro
319 3453 465 3504 veneranter,
477 3449 565 3499 Moerl.
591 3463 683 3499 sennem
693 3449 828 3511 corporibus
840 3449 923 3498 Lirin.
937 3450 969 3500 Ρ.
985 3449 1077 3513 steph.
1089 3458 1116 3499 et
1126 3452 1161 3499 al.
1171 3462 1238 3510 vett.

132 3509 222 3559 sentire
232 3527 254 3560 e.
265 3512 326 3561 Ver.
346 3513 454 3576 Cuspiu.
473 3513 640 3562 Rhenan.-2
657 3513 753 3564 Omnia
771 3529 785 3561 a
802 3517 940 3578 tandenque
951 3529 1032 3580 usqne
1044 3514 1077 3563 ad
1087 3521 1177 3580 prater
1190 3516 1236 3567 de-

134 3583 195 3623 sunt
206 3575 232 3623 in
244 3576 405 3637 Grrelph·-³
423 3577 574 3642 ‘Siquidem
595 3579 661 3628 Huc
680 3593 732 3628 vox
749 3580 877 3629 omittitur
895 3581 921 3628 in
936 3580 994 3629 cod.
1008 3581 1095 3629 Moerl.
1107 3589 1134 3630 et
1146 3589 1238 3645 potest

134 3639 321 3690 naneabesse!
335 3643 426 3704 deger.
459 3643 547 3692 Moerl.
565 3651 594 3694 et
612 3643 683 3693 (iud.
700 3648 724 3692 2.
738 3645 869 3694 clementia
879 3650 934 3694 trae·
961 3645 1238 3710 Gud.2.sormompro

128 3704 232 3776 fumum,
261 3707 323 3757 Vet.
341 3707 442 3758 Bertiu.
461 3715 488 3758 et
505 3708 565 3759 edd·
582 3709 661 3760 (irm.
678 3709 764 3761 Paris.
781 3711 897 3760 Putarol.
909 3716 937 3760 at
948 3711 1043 3761 Celinr.
1055 3712 1238 3771 celebratatae-3

629 3839 738 3891 NOTAE

134 3927 288 3987 consertione.
321 3925 383 3977 Vid.
396 3926 547 3990 Puneg.11r.
560 3932 601 3979 16.
664 3964 671 3975 „
705 3929 912 3980 uosBritannias
926 3938 1077 3994 oocuparet.
1110 3931 1238 3983 viden·

166 4003 179 4037 ²²
196 4003 348 4068 Triumphus]
365 4004 518 4055 Constantio
539 4014 597 4068 post
613 4019 664 4055 era·
706 4010 775 4070 trop.
794 4009 863 4057 Nam
875 4008 1012 4058 Carnarius
1025 4016 1136 4072 neptem,
1149 4010 1239 4060 Allec-

134 4094 190 4129 rnm
203 4081 331 4130 Allectum
345 4079 493 4131 Britannias
504 4081 665 4145 ingredienti
705 4087 746 4130 tus
758 4097 820 4133 vero
831 4094 884 4135 tres
899 4086 1152 4150 anuostyraunidem
1161 4103 1239 4139 occu·

135 4157 245 4220 populus
257 4157 360 4207 obviam
372 4158 495 4208 occurrit·
703 4166 790 4224 parat.

168 4234 175 4269 ¹
191 4233 251 4283 Post
261 4240 297 4284 tot
307 4233 434 4300 errorum]
445 4234 511 4286 Post
520 4234 611 4288 danem
618 4244 663 4287 an·
