2730 4726
213 324 301 395 1⁶24
455 340 678 395 usunurrur
701 343 934 397 onsrrsnurr
958 345 1072 397 surio

146 509 149 513 ·
210 486 353 554 emendo
375 485 540 566 videmus,
566 488 796 573 repensandi·
816 489 953 572 fiducia,
978 510 1103 576 magno
1129 499 1314 582 erectoque

212 590 324 657 auimo
345 609 463 655 aurum
478 599 719 677 argentumque
734 594 949 678 depromere;
972 616 1032 662 eos
1047 616 1142 676 vero,
1156 599 1219 682 qui
1240 620 1312 684 pre·

209 712 272 760 nes
301 693 456 776 allegant,
482 694 622 759 humiles
650 702 749 780 atque
771 697 951 777 demissos,
987 701 1047 766 vix
1073 702 1312 769 cunctabunda

210 805 317 881 atque
332 795 512 861 titubantia
525 798 626 862 verba
641 800 798 881 prolerre,
808 819 917 883 neque
929 803 1117 866 orationem
1132 802 1250 868 solum
1264 804 1312 871 iu·

209 901 346 979 olinare,
357 900 418 965 sed
433 901 515 965 totis
531 903 728 985 corporibus
739 903 773 966 iu
786 921 895 986 genua
909 904 1083 969 summitti.
1105 906 1142 970 7.
1156 905 1312 986 Prorsus,

211 1010 253 1069 ut
266 1022 310 1068 ex
332 1002 437 1068 animi
463 1005 630 1084 sententia
651 1005 784 1089 loquar,
799 1008 951 1072 maximo
964 1008 1078 1073 vendit
1096 1007 1311 1085 beneficium,

210 1107 274 1191 qui
286 1124 408 1190 preces
423 1105 559 1190 accipit.

252 1209 343 1275 Gar.
369 1223 458 1272 xix.
502 1209 535 1273 l.
558 1206 614 1273 An
635 1229 728 1287 vero,
749 1210 779 1275 si
800 1212 994 1278 centuriatis
1018 1210 1167 1278 comitiis
1188 1213 1310 1279 consul

209 1320 344 1379 oreatus
370 1332 491 1391 emm,
512 1314 693 1396 gloriosius
716 1313 797 1377 mibi
820 1314 971 1379 universi
997 1313 1119 1398 populi
1142 1314 1311 1397 suffragiis

208 1415 398 1482 declaratus
420 1415 573 1482 videraut
618 1416 779 1481 Minime:
802 1416 966 1500 siquidem
982 1418 1083 1482 etiam
1104 1416 1174 1482 illis
1189 1418 1311 1501 nuens

208 1520 429 1603 temporibus,
443 1519 621 1584 multorum
634 1521 773 1597 ambitu,
786 1520 850 1586 fuit
865 1540 1006 1604 campus
1020 1519 1170 1584 infamis.
1217 1519 1310 1587 Nou

207 1621 421 1686 divisorum⁸
452 1621 599 1704 flagitia3
636 1629 726 1686 notae
748 1624 943 1688 locellorum
972 1617 1206 1707 praesrigiae3¹¹
1235 1628 1310 1689 -turu

207 1742 381 1810 operarum
396 1724 439 1788 ad
456 1725 522 1817 ij
539 1733 573 1790 et
587 1726 782 1790 seditionem
796 1744 914 1790 manus
925 1733 1034 1791 emtae.
1076 1725 1110 1790 2.
1134 1724 1217 1790 Neo
1230 1742 1310 1793 saut

207 1837 327 1912 potest
348 1830 381 1892 in
395 1826 538 1894 confusa
552 1828 782 1910 imperitorum
804 1828 1018 1892 multitudine
1030 1829 1219 1913 quicquam
1238 1846 1311 1895 esso

208 1941 437 2016 perpensum.’·
481 1930 571 1997 Nam
588 1950 662 1995 eum
679 1932 758 1995 boui
774 1931 840 1993 rari
852 1931 933 2008 sint,
948 1930 1178 2013 improborum
1192 1929 1310 2014 vulgus

207 2033 405 2098 immensum
419 2053 428 2114 3
444 2034 478 2096 in
491 2052 611 2115 compo
634 2039 745 2097 autem
758 2052 915 2098 uumerus
927 2039 962 2097 et
975 2033 1074 2097 turba
1088 2031 1310 2115 praepolleatt

209 2136 285 2203 siue
301 2136 405 2201 dubio
429 2131 637 2218 intelligitur,
651 2155 726 2199 eum
742 2134 910 2215 suffragiis
934 2134 1054 2219 populi
1074 2135 1310 2216 magistratum

206 2256 342 2320 aspere,
353 2258 450 2321 quem
465 2238 590 2322 plures,
598 2237 633 2302 id
646 2245 711 2314 est,
723 2256 822 2320 quem
837 2237 970 2321 pejores
985 2238 1185 2323 probarunt.
1209 2235 1309 2303 Unde

207 2340 333 2404 lactum
349 2345 413 2417 est,
439 2347 478 2404 ut
492 2338 637 2422 majores
652 2339 757 2404 nostri
773 2338 920 2404 viderent
943 2335 1132 2405 Gabinios¹
1151 2338 1309 2422 designa-

136 2523 142 2535 ’
239 2529 260 2554 ·
277 2521 458 2587 Conpennndi.
714 2528 728 2554 ⁸
744 2521 846 2586 Aliquid
858 2521 1102 2573 esuoonsiderotsrs.

662 2644 843 2670 Μυκήνη

208 2752 293 2807 Livio.
305 2757 332 2803 et
344 2752 432 2804 Riviu.
448 2756 556 2816 cernue
565 2749 661 2809 onino,·
677 2751 785 2815 Cuspio.
797 2757 824 2799 et
834 2752 868 2800 P.
879 2748 1192 2813 stephaeruecnustnor
1209 2751 1310 2801 Bertiu.

206 2819 294 2869 Moerl.
305 2819 418 2880 Gnelpb.
430 2816 507 2867 Grut.
524 2825 550 2865 et
569 2825 679 2865 receuti.
691 2822 810 2880 uentoque
820 2816 908 2865 animo.
924 2814 1027 2865 Bertiu.
1045 2815 1119 2865 solurn
1137 2814 1309 2867 uniusm-

206 2888 223 2934 7
240 2884 342 2933 Berlin.
354 2884 429 2932 ouini
439 2882 492 2931 mei.
512 2882 626 2942 Guelpb.
636 2883 731 2930 vendut.

240 2949 309 2998 Cre.
319 2961 383 2998 xix·
417 2954 430 2999 1
448 2948 502 2996 Pro
513 2949 700 3004 considerantes,
708 2945 819 3009 Grrelpb.
827 2944 1064 2995 bubetconsultottts·
1078 2943 1173 3008 steph.
1184 2952 1215 2996 et
1226 2945 1310 2996 Rivis.

205 3015 325 3076 gloriosus
342 3014 419 3071 milri,·
442 3013 556 3074 Guelplr.
574 3013 666 3072 glorius
682 3013 759 3070 milri3
782 3012 885 3060 Puteol.
903 3011 988 3060 Lirin.
1006 3018 1034 3060 et
1052 3017 1166 3060 renentt.
1181 3012 1309 3074 gloriarm

206 3079 284 3137 mium
302 3089 330 3126 ut
341 3079 406 3142 conj.
419 3079 534 3126 Rhenuu.
560 3078 626 3125 Noto
637 3079 784 3126 diuersorum
795 3078 856 3126 Vet·
867 3077 951 3126 Lirin·
970 3081 998 3124 et
1010 3074 1079 3126 Gnd.
1096 3077 1237 3126 luorum
1249 3090 1308 3140 prn-

205 3146 288 3205 stigio
306 3145 365 3194 edd.
385 3151 450 3193 vett.
470 3144 607 3193 lucullorum
622 3158 646 3206 p.
666 3144 727 3192 Vct.
745 3141 857 3191 Putenu.
877 3143 998 3190 Vatican.
1029 3140 1096 3188 Vide
1110 3142 1308 3191 Nott.Vsrr.-

206 3210 241 3258 2‘
252 3210 304 3257 Pro
316 3209 487 3274 imperitorum,
499 3208 612 3270 Guelpb.
626 3211 691 3256 ruale
702 3205 848 3271 peritorum!
862 3205 953 3255 Arutz.
979 3207 1059 3269 plures
1069 3205 1132 3254 eninr
1144 3220 1215 3268 pust
1226 3206 1307 3256 lirin.

204 3274 295 3337 plures,
311 3275 337 3322 id
355 3278 392 3323 esi
408 3290 476 3338 quem
494 3274 607 3336 Guelpb.
626 3275 721 3338 aliique
739 3274 816 3321 codd.
827 3279 855 3320 et
871 3272 932 3320 edd.
948 3274 1040 3334 priores
1048 3269 1182 3334 proluunt
1192 3271 1308 3321 Rbeuss.

208 3339 291 3387 Livio.
305 3340 339 3387 H.
355 3340 446 3400 Stepb.
460 3341 543 3388 Ririn.
556 3341 588 3387 sl.
602 3346 665 3387 vett.
682 3337 773 3401 pejores
788 3338 919 3400 probarunt
936 3337 997 3386 Ver.
1010 3337 1123 3385 Putesu.
1142 3336 1206 3386 Vet.
1226 3336 1308 3386 bisin.

207 3404 308 3453 Bertin.
321 3403 407 3454 Moerl.
420 3406 484 3453 Eur.
496 3406 642 3453 Subonlrnv.
661 3401 773 3464 Guelpb.
792 3403 897 3466 Cuspio.
913 3403 946 3450 P.
958 3401 1048 3463 Steph.
1066 3403 1308 3452 anamarteton

205 3471 274 3534 conj.
287 3469 388 3519 Acidul.
397 3470 486 3532 pejores
500 3468 623 3533 probarint
642 3468 780 3532 legendum
792 3470 893 3533 putavit
905 3467 1022 3516 Rbeuau.
1050 3465 1163 3516 Vatinios
1172 3466 1309 3531 dumos

701 3615 810 3673 NOTAE

240 3727 254 3763 s
271 3715 421 3779 Dioisorsrnr]
437 3715 497 3764 Mos
520 3720 577 3765 erat
598 3714 666 3778 sprrd
687 3714 739 3764 Ro·
775 3715 891 3765 tisuuurr
907 3712 1020 3764 ‘Consul
1031 3709 1305 3775 eguirnperstorriu·

205 3810 306 3858 monos,
319 3802 347 3845 ut
365 3795 530 3858 magistratus
550 3796 592 3860 qui
610 3800 739 3858 peterent,
774 3800 860 3855 gutte,
875 3804 981 3840 inuuere
997 3794 1042 3839 tiro
1055 3802 1105 3838 nou
1120 3803 1215 3852 passus
1227 3796 1305 3854 sepit,

209 3875 318 3939 pecunia
335 3873 522 3937 largitioneque
541 3870 738 3932 srrffragatoruur
774 3884 859 3934 neque
876 3883 1006 3931 campum,
1027 3880 1080 3916 nou
1102 3863 1238 3931 suffragia,
1256 3879 1306 3918 uos

207 3948 296 3999 'studia
318 3949 365 3999 sibi
385 3951 572 3998 conciliarent:
590 3949 632 4013 qui
651 3956 736 3997 autern
773 3951 880 4010 puncto,
892 3939 1071 3992 nouloeulos!

209 4026 325 4088 peouuiis
338 4026 453 4075 tributim
473 4025 657 4074 distribuendis
672 4039 739 4088 prae·
808 4020 815 4055 ¹
830 4019 956 4082 Gabinios]
973 4018 1014 4068 An
1033 4017 1118 4079 potius
1134 4015 1263 4075 Vatiniosr
1278 4021 1305 4064 nt

209 4113 295 4162 erant,
307 4102 466 4151 ‘diuisores'
484 4103 646 4150 dicebantur.
774 4098 893 4148 observat
911 4097 1012 4159 Lipsius
1027 4095 1078 4158 Ep.
1091 4107 1173 4144 xxrr.
1183 4099 1210 4146 3.
1242 4094 1306 4145 Coto

208 4196 211 4201 ·
240 4177 252 4213 ¹¹
270 4181 415 4228 Lorelbrm
433 4178 576 4242 prestigio]
593 4177 671 4227 Hurrd
692 4177 736 4227 sb·
772 4175 841 4224 enin
854 4172 1020 4238 inpetitione
1038 4171 1187 4221 cousnlsurs
1204 4171 1305 4235 pottiss-

209 4253 290 4306 rimile
308 4255 370 4304 illud
384 4255 492 4307 Ausonii
509 4255 607 4320 Paneg.
623 4253 656 4304 ad
669 4252 736 4304 Gra·
771 4250 892 4304 bitusest
909 4249 1027 4314 Vatinio,
1040 4246 1227 4303 uoullsbiuio·
1262 4245 1305 4299 ld·
