2730 4726
128 315 215 385 1480
445 331 607 381 nazian
633 322 905 383 eanrerarcus
920 356 923 361 ·
941 344 948 355 ·

128 478 164 543 9.
187 477 278 544 Nam
293 482 329 541 ut
351 476 487 553 fistulae,
508 496 586 542 cnm
608 477 667 542 diu
691 477 883 563 interseptae
905 483 993 558 snut,
1014 478 1115 543 exitu
1140 480 1231 558 dato,

129 598 202 664 qno
214 579 384 662 largiores,
400 599 442 644 eo
465 580 654 644 crassiores
674 598 781 663 aquas
798 590 982 661 evomunt3
1004 582 1058 645 sic
1078 588 1163 647 vota
1175 583 1230 646 bo

129 685 266 761 minum,
281 689 372 747 metu
386 682 579 761 interclusa,
604 682 739 747 turbide
760 683 888 766 aliquid
909 693 1057 768 egerunt,
1079 702 1161 749 cum
1176 704 1232 749 cu·

129 786 259 850 mulata
272 791 456 869 rupemnt!

174 887 264 953 Gru.
281 902 433 951 xxxin.
476 888 509 950 1.
531 885 601 951 Hae
622 886 838 952 victoriarum
854 887 1112 970 gratulationes,
1158 887 1232 954 Nec

130 991 239 1055 minus
254 992 375 1055 uberes
387 989 518 1054 fructus
531 988 734 1071 reliquarum
746 989 906 1055 uirtutum
917 991 1064 1056 inerunt.
1107 992 1144 1056 2.
1166 989 1232 1054 Im·

129 1093 292 1176 plicatam
306 1092 455 1177 quidem,
470 1101 573 1176 atque
595 1090 740 1157 obsitam
755 1094 872 1158 urbem
888 1092 1103 1176 gravissimis
1118 1095 1232 1171 malis,

128 1196 324 1262 evolverunt
337 1195 509 1260 indefessa
518 1195 584 1272 vis,
598 1201 699 1279 atque
709 1196 837 1260 eximia
849 1195 1028 1261 fortitudo:
1052 1196 1114 1260 sed
1128 1214 1233 1280 quan·

130 1297 217 1364 tumi
240 1297 320 1363 boni
341 1296 522 1382 prudentia
541 1297 762 1378 excogitauit,
777 1297 968 1381 benignitas
990 1304 1026 1363 et
1051 1298 1232 1364 elementia

128 1402 351 1466 contulerunt.
392 1401 424 1464 3.
447 1398 599 1477 Quorum
615 1398 697 1482 quid
710 1399 818 1480 magis
828 1401 964 1484 juverit,
975 1399 1128 1466 difficilis
1141 1402 1232 1466 testi·

128 1504 234 1569 matio
248 1511 309 1568 est.
353 1503 446 1568 Nam
467 1509 505 1567 nt
519 1502 713 1566 calamitate
733 1504 887 1567 obsessis
909 1503 986 1567 linis
1009 1510 1067 1567 est
1079 1504 1158 1568 uoti
1171 1504 1231 1570 rni⁴

127 1606 218 1671 seria
239 1607 385 1682 liberari,
399 1598 452 1670 ita
475 1623 556 1668 mox
580 1606 737 1668 vacuitas
760 1606 970 1670 miseriamm
992 1625 1117 1689 parum
1140 1612 1231 1688 gruta

128 1718 193 1786 est,
206 1709 272 1773 nisi
286 1709 406 1774 laetitia
416 1716 652 1792 consequatur.
695 1711 728 1771 4.
744 1708 801 1772 Ita
811 1728 872 1792 pro
883 1728 921 1773 se
931 1704 1094 1793 quaequej
1110 1708 1230 1774 officiis

128 1813 200 1876 suis
224 1811 361 1886 functae,
384 1809 546 1876 fortitudo
566 1817 601 1874 et
623 1811 808 1875 liberalitas
825 1808 1062 1896 Imperatoris,
1076 1811 1229 1876 cumula

128 1917 293 1980 tissimam
308 1916 399 1979 urbis
414 1913 670 1989 beatitudinem,
691 1914 930 1979 exhauriendis
952 1910 1080 1992 malis,k
1095 1922 1133 1978 et
1153 1930 1230 1978 con·

128 2017 283 2101 gerendis
304 2016 499 2094 commodis,
523 2016 748 2082 reddiderunt.
792 2020 824 2082 5.
848 2017 996 2082 Facilior
1017 2015 1172 2100 quidem,
1187 2020 1230 2080 et

160 2212 170 2238 ⁶
187 2205 239 2253 Nec
247 2204 331 2252 udin
348 2208 420 2266 utque
430 2203 523 2252 licitam
533 2205 568 2250 ert
578 2203 693 2262 gumar.
702 2201 812 2252 contium
821 2216 907 2266 mur
922 2206 994 2265 utque
1007 2205 1171 2264 amdan
1184 2206 1230 2252 ert.

128 2268 194 2317 Nun
204 2274 231 2317 ut
242 2268 304 2329 tubi,
312 2283 363 2316 run
375 2269 470 2330 icam
480 2264 640 2329 chusifrme,
649 2272 731 2329 aperto
742 2273 829 2324 meatu,
844 2283 890 2331 quo
898 2268 1036 2323 παιήονα.
1046 2282 1075 2316 eo
1090 2268 1171 2328 nugis
1181 2271 1230 2316 tur·

127 2332 195 2381 bidus
204 2348 278 2396 upum
289 2337 396 2382 evomunt
407 2349 418 2390 ,·
433 2333 467 2380 ric
476 2336 532 2380 uota
542 2331 662 2380 lominum
671 2331 756 2382 timore
769 2347 882 2396 suspenso
891 2332 984 2396 aliquid
994 2333 1168 2381 mulinum
1175 2347 1225 2396 pre

126 2399 252 2461 referunt,
263 2397 303 2446 udi
311 2399 380 2460 pleno
391 2399 481 2447 cumulo
492 2400 629 2459 eruperunt.

586 2540 768 2562 annuento

125 2640 200 2701 dium
210 2642 271 2705 quod
281 2641 369 2704 imma
379 2655 429 2698 ruo,
440 2644 529 2704 dee-9
540 2640 646 2704 Cuspio.
656 2642 734 2692 Grnt.
746 2642 829 2691 Paris.
841 2641 958 2691 Patarol.
968 2655 1021 2689 cura
1031 2640 1077 2690 diu
1089 2639 1229 2703 intercepto

126 2711 199 2764 runt3
216 2707 323 2756 Puteol.
341 2706 457 2755 Rhenan.
476 2707 566 2768 Stepb.
587 2706 672 2757 Lirin.
691 2708 725 2756 al.
744 2715 805 2756 aute
822 2706 900 2757 Grut.
924 2721 976 2756 curu
990 2707 1016 2754 ui
1029 2707 1074 2755 dtu
1089 2707 1230 2770 intercepta

126 2777 200 2828 rurt5
218 2772 305 2821 Moerl.
320 2773 473 2835 ἱκετηρία
491 2773 550 2822 Vet.
570 2773 654 2822 Lirin.
676 2772 829 2836 interseptoe5
848 2771 948 2821 Bertin.
965 2781 994 2820 et
1013 2771 1123 2834 cuspin.
1140 2773 1230 2821 delent

128 2837 325 2886 uocabulnmoi.
356 2837 425 2886 Vide
446 2836 522 2886 Noti.
541 2837 619 2887 Varr.
644 2837 735 2887 turbidi
753 2853 778 2886 a.
796 2841 896 2898 egerunt
915 2836 983 2900 couj-
1001 2835 1087 2886 Liriu.
1101 2841 1229 2900 eruperat

127 2903 194 2952 Erre.
206 2904 286 2965 brug.
297 2903 374 2953 Grut.
387 2903 502 2951 Petaroi.
518 2903 601 2952 Paris.
614 2902 709 2952 Cellae.
721 2909 748 2952 et
759 2903 858 2966 Jaeger.
874 2906 987 2966 ruperunt
999 2901 1116 2966 Gnelpb.
1123 2902 1229 2952 Puteal.

128 2966 245 3017 Rhenan.
258 2968 367 3030 Cuspio.
378 2966 470 3028 Steph.
480 2967 566 3017 Livin.
579 2968 664 3019 Rivin.

126 3065 129 3072 -
162 3032 229 3082 Cre.
248 3046 354 3082 xxxin·
391 3037 407 3083 2
426 3033 477 3081 l’ro
495 3033 653 3090 contuleruut,
674 3032 788 3094 Guelplr.
808 3031 888 3082 babet
906 3031 1096 3081 tuncrum—a
1123 3030 1229 3086 Quorum

127 3098 185 3160 quid
200 3098 283 3159 magui
297 3099 401 3147 Puteol.
414 3096 532 3146 Rhenan.
543 3097 634 3162 Stepb.
647 3097 731 3147 Rirlu.
751 3099 783 3154 Q.
793 3112 816 3160 q.
827 3094 904 3157 usagio
915 3096 977 3145 Vet-
990 3096 1106 3149 Poteuu·v
1115 3095 1229 3160 Guelpb.

127 3163 193 3212 Eae.
204 3163 349 3212 Sebonhov.
366 3163 399 3211 al.
409 3162 460 3224 ap.
480 3163 596 3212 Rhenan.
615 3163 677 3212 item
694 3163 777 3213 Livin.
789 3163 868 3216 Grirt.
880 3169 908 3210 et
923 3169 1034 3210 recenti.
1056 3161 1123 3210 Noua
1134 3166 1160 3210 et
1170 3161 1229 3211 edd.

128 3235 191 3276 aute
202 3227 294 3277 Arntz.
311 3229 353 3292 qui
370 3243 404 3277 ex
420 3227 495 3277 codd.
513 3228 599 3277 Moerl·
612 3235 639 3277 et
656 3228 770 3290 Gnelpb.
782 3226 908 3286 restituit,
921 3227 984 3275 Num
994 3229 1030 3288 ut,
1040 3226 1082 3285 tu.
1115 3225 1228 3289 Gnelpb·

126 3292 231 3342 Puteoi.
250 3294 367 3343 Rhenan.
389 3293 496 3357 crispin.
516 3292 608 3357 Steph.
630 3293 714 3344 Lirin.
736 3293 821 3343 Ririn.
842 3294 951 3351 facultas
970 3290 1139 3350 miserturum
1164 3292 1228 3341 Ere.

128 3357 211 3420 Lang.
231 3357 308 3408 Grut.
324 3368 351 3408 et
369 3365 480 3408 recentt.
495 3360 602 3408 omullus
617 3359 781 3416 mirer-iurum
798 3357 874 3407 etsie
886 3357 955 3421 conj.
969 3356 1076 3404 orvans
1087 3363 1114 3404 et
1129 3355 1229 3417 Acidal-

127 3426 175 3472 -4
193 3423 278 3486 Itaque
292 3437 336 3486 pro
354 3437 379 3472 re
395 3424 465 3487 conj.
477 3420 580 3472 Acidal.
596 3423 663 3472 urbia
674 3425 747 3473 deest
759 3424 785 3471 in
797 3422 911 3484 Guelplr.
922 3419 1084 3471 exhaurienda
1096 3420 1228 3471 eddonis

127 3486 226 3551 loger.
240 3487 283 3551 qui
297 3502 312 3536 e
323 3488 385 3536 Vct.
397 3488 509 3537 Putean.
520 3487 590 3538 Gnd.
602 3496 630 3538 et
640 3490 728 3538 Moeri.
739 3489 842 3550 recepit
858 3486 1025 3537 exhauriendis
1035 3484 1122 3542 mulin
1141 3487 1175 3537 al.
1187 3501 1229 3551 ap.

126 3553 245 3602 Rheuun.
263 3558 290 3601 et
311 3551 411 3601 deidei.
426 3552 602 3611 auteur-imum
618 3552 702 3605 Lirin.
723 3553 793 3616 conj.
813 3559 837 3602 et
853 3552 948 3601 miseria
967 3551 1148 3609 exarsum«,-
1170 3552 1228 3602 Aci·

126 3618 178 3670 dal.
194 3617 353 3668 esluuriendn
369 3618 514 3674 calumum,
531 3620 572 3668 rel
589 3619 695 3670 miseriu-
726 3618 833 3669 ιΜαεῐΙ.
848 3622 872 3667 et
891 3616 1072 3679 cmgrigaadir,
1095 3617 1166 3680 quod
1184 3618 1229 3668 mi·

624 3750 732 3803 NOTAE

124 3875 126 3881 f
161 3845 235 3896 ¹Srd
251 3846 376 3911 quautam]
403 3845 454 3896 Sed
477 3855 600 3913 quantum
624 3847 657 3898 ud
694 3844 1129 3910 virinummanituntnropumvi’
1147 3847 1228 3911 Piget
1267 3866 1270 3871 ’

126 3924 290 3990 splendorem
303 3924 374 3974 urbia
389 3925 499 3975 contulit
515 3926 659 3989 Imperato-
695 3926 769 3991 plura
780 3922 908 3988 ejusmodi
920 3923 1040 3984 exempla
1050 3921 1179 3984 proferre.
1216 3950 1223 3962 ι

126 4001 162 4050 ris
173 3998 322 4064 pumentia,
335 4001 394 4049 dnm
405 4000 461 4064 ejus
470 4001 610 4052 liberanda
619 4017 659 4050 ra·
693 4030 697 4036 ι
725 3999 929 4049 ¹‘ldxlruuricadio
950 3997 1136 4061 [exhauriendo]
1147 3997 1228 4062 nra]

128 4076 212 4124 tiones
223 4075 437 4139 comminiscitur;
455 4082 565 4135 tantum,
575 4081 626 4129 &a
693 4077 772 4129 Adde
783 4076 926 4127 calamitate.
951 4075 1018 4124 Num
1029 4075 1085 4124 sine
1096 4075 1145 4124 huc
1157 4090 1230 4137 roes,

158 4150 167 4194 l
185 4153 236 4201 Pru
253 4168 279 4202 re
296 4151 404 4217 querque]
428 4153 517 4204 Simile
534 4160 575 4204 ert
595 4153 658 4204 iliud
692 4168 752 4218 que
763 4150 990 4220 nescioquomodo
1001 4150 1110 4216 excidit,
1121 4153 1228 4203 mutilus

126 4226 401 4292 Virg.AEn.xu.to².
423 4230 658 4298 ‘Prosequirque
692 4236 844 4283 eatreurur·
1136 4256 1139 4261 ·
