2730 4726
125 321 212 390 18⁵8
443 332 607 386 uuunnrr
631 333 901 386 rnnuornrcus

126 486 241 551 tortior
261 489 371 548 tamen
393 489 458 560 est,
473 483 532 566 qni
546 483 657 546 caleat
674 482 791 548 iratos.
835 484 867 548 5.
889 481 1094 562 Renovasti,
1109 483 1212 566 Impe
1267 534 1269 573 :

127 600 228 666 rator,
252 595 397 654 veterem
422 587 515 652 illam
540 585 687 652 Romani
715 587 845 671 imperii
872 585 1043 664 fiduciam,
1071 606 1148 671 quae
1178 586 1215 652 de

127 695 239 779 captis
272 692 418 756 hostium
452 689 592 755 ducibus
620 689 801 756 vindictam
839 697 944 755 morte
980 690 1145 754 sumebat.
1189 691 1224 756 6.

127 799 223 863 Tunc
246 797 333 861 euim
357 793 484 877 captivi
508 812 615 876 reges,
641 813 716 858 oum
740 812 762 857 a
786 794 891 876 portis
913 812 1023 876 usqne
1045 792 1090 856 ad
1115 792 1219 857 forum

127 900 399 983 triumphantium
414 915 529 961 currus
542 898 778 972 honestassent,
795 897 897 961 simul
917 903 1016 980 atque
1030 895 1065 959 iu
1082 894 1219 979 Capito·

127 1005 207 1069 lium
224 1021 354 1068 currum
374 1000 506 1065 flectere
528 1006 680 1082 coeperat
698 999 889 1083 imperator,
905 999 1034 1081 abrepti
1056 997 1092 1062 in
1113 1017 1221 1063 carce·

128 1126 209 1183 rem,
232 1105 450 1170 necabantur.
493 1104 527 1168 7.
548 1101 646 1167 Unus
672 1101 817 1180 Perses,⁸
838 1101 915 1184 ipso
941 1100 1062 1179 Paulo,
1086 1100 1148 1184 qni
1171 1100 1220 1166 de-

129 1209 263 1274 dentem
298 1213 505 1291 susceperat,
531 1206 736 1290 deprecante,
765 1206 873 1288 legem
907 1204 998 1270 illins
1033 1204 1223 1270 severitatis

128 1312 248 1377 erasit.
283 1310 393 1376 Ceteri
408 1328 534 1388 omnes,
547 1309 581 1373 in
596 1308 741 1374 vinculis
756 1307 832 1373 luce
845 1309 981 1392 privati,
995 1307 1075 1373 aliis
1089 1308 1224 1390 regibus

130 1415 253 1480 dedere
275 1413 522 1489 documentum,
543 1418 580 1476 nt
604 1410 738 1476 mallent
762 1411 949 1475 amicitiam?
966 1408 1077 1476 colere
1100 1407 1224 1474 Roma-

130 1537 219 1595 nnm,
247 1537 349 1603 quam
376 1534 575 1598 exasperare
599 1514 778 1597 justitiam.
822 1513 856 1578 8.
878 1511 977 1602 Adeo
1000 1520 1033 1578 et
1058 1513 1124 1578 hoc
1148 1514 1224 1578 boni

131 1621 258 1685 confert
286 1639 390 1704 poena
419 1618 573 1683 hostibus
598 1617 754 1700 irmgata,
783 1623 822 1682 nt
849 1637 915 1682 non
951 1617 1061 1681 solum
1099 1616 1224 1681 inimici

129 1723 273 1789 ferocire
294 1742 363 1787 uon
386 1722 538 1798 audeaut,
564 1719 624 1784 sed
646 1720 749 1784 etiam
771 1721 870 1785 amici
891 1721 1078 1806 impensius
1099 1739 1225 1785 revere-

132 1833 237 1891 antur.

176 1927 265 1993 Gar.
292 1944 347 1992 xt.
390 1926 532 1995 l.·Inde
547 1927 648 2010 igitur
669 1933 733 2007 est,
755 1929 957 2013 Imperator,
977 1946 1047 2011 pax
1065 1929 1146 2006 ista,
1162 1946 1226 2013 qua

131 2032 278 2097 fruimur.
326 2031 446 2114 Neque
468 2031 556 2095 enim
576 2030 648 2114 jam
669 2029 777 2095 Rheni
791 2032 989 2115 gurgitibus,
1006 2030 1067 2095 sed
1083 2033 1225 2095 nominis

133 2136 181 2199 tui
204 2141 326 2199 terrore
351 2133 528 2197 munimur.
573 2131 770 2211 Quamlibet
794 2135 850 2198 ille
876 2142 936 2198 aut
966 2142 1101 2199 arescat
1129 2142 1226 2211 aestu,

133 2244 194 2300 aut
207 2236 343 2300 resistat
353 2234 439 2318 gelu,
456 2239 572 2298 neutro
587 2234 694 2299 hostis
714 2235 853 2301 audebit
867 2238 918 2300 nti
933 2237 1033 2302 vado.
1076 2236 1108 2301 2.
1132 2236 1227 2302 Nihil

135 2339 223 2402 enim
250 2345 319 2402 tam
342 2336 563 2420 insuperabili
584 2337 675 2401 vallo
701 2344 818 2404 natura
839 2338 1029 2424 praecludit,
1045 2340 1140 2423 quod
1167 2360 1229 2404 nou

597 2503 766 2527 ΙΙΜΟΝΙΙΙ

135 2604 247 2669 Guelph.
258 2603 361 2669 fidncia,
370 2619 394 2667 p.
407 2605 437 2654 de
446 2605 586 2668 capitia-i
603 2606 669 2655 Unus
684 2621 727 2670 per
742 2621 768 2655 ee
787 2604 847 2654 edd.
867 2611 928 2654 ante
946 2604 1025 2654 Grut.
1059 2605 1129 2656 Unne
1149 2607 1234 2659 Peren

135 2673 201 2721 Ere.
212 2672 294 2732 Leug.
305 2669 384 2720 Orur.
396 2679 423 2720 et
435 2679 547 2721 recentr.
577 2672 645 2720 Uare
656 2672 758 2721 Persem
768 2671 863 2731 Faber,
879 2671 981 2720 Acidal.
998 2676 1026 2720 at
1043 2671 1111 2720 Van.
1131 2671 1232 2721 Horon.

136 2737 206 2787 Otiir
218 2736 281 2785 Litt.
291 2743 352 2785 torn.
364 2749 384 2784 1.
396 2751 422 2799 p.
432 2740 473 2786 52.
495 2738 613 2786 sedentem
622 2743 775 2799 concerperet
783 2737 844 2786 edd.
854 2743 920 2786 vett.
946 2737 1068 2785 dedentem
1077 2741 1232 2800 concerperet

135 2803 196 2852 Vel.
207 2803 288 2851 Lirin.
299 2800 401 2851 Bertin.
414 2809 440 2850 et
452 2802 489 2851 rio
500 2802 570 2864 conj.
584 2801 685 2851 Acidel.
706 2802 828 2851 dedentem
836 2816 860 2852 ee
870 2806 962 2865 ceperat
972 2803 1036 2851 Erre.
1045 2801 1128 2860 Lanu·
1151 2803 1241 2852 dm

135 2874 183 2917 tem
191 2869 255 2928 rede,
266 2867 306 2915 rel
317 2869 371 2917 sede
381 2868 501 2916 dedentem
511 2882 537 2916 re
546 2873 669 2929 occeperat
680 2868 729 2930 legi
736 2866 813 2930 jubet
827 2867 882 2915 Van
898 2866 999 2916 Horou.
1022 2869 1143 2916 decentem
1160 2882 1235 2916 urre-

76 2959 80 2968 ·
133 2938 203 2996 perot
213 2932 399 2982 VenPntenu.
423 2937 557 2996 susceperat
568 2934 646 2993 etiam
658 2932 727 2982 Gon.
738 2941 765 2981 et
777 2933 865 2982 Moerl.
893 2931 961 2981 Vide
978 2932 1147 2982 Narnvmr.
1176 2933 1234 2994 tegit

137 2998 201 3046 tuine
217 3000 366 3047 teneritatem
378 2996 480 3047 emend.
496 2999 605 3048 Ritters.
638 2997 712 3053 Mox,
723 3012 802 3046 omnen
811 2997 886 3046 deest
903 2997 928 3045 ln
950 2997 1035 3048 Riviu.
1051 3005 1079 3048 et
1098 2996 1159 3046 edd.
1176 3005 1234 3046 aute

137 3061 216 3110 Grnt.
225 3070 296 3110 extat
310 3063 334 3109 in
345 3063 404 3111 Ver.
412 3062 495 3112 Lirin.
507 3063 607 3112 Bertin.
617 3064 729 3127 Gnelph.
739 3063 800 3111 edd.
811 3063 920 3125 Cuspin.
930 3063 1008 3113 Grnt.
1017 3070 1046 3113 et
1056 3069 1172 3112 receutt.
1188 3065 1236 3112 lure

133 3126 237 3189 prinmtr'
261 3126 371 3188 Guelph.
406 3127 564 3179 Romanorum
587 3128 670 3177 Rivis.
691 3136 719 3178 et
738 3127 799 3177 edd·
819 3136 884 3178 vett.
914 3128 1046 3178 Romnum
1066 3129 1128 3177 Vct.
1152 3127 1235 3176 Lirin.

137 3191 239 3242 Bertin.
249 3191 362 3254 Guelpb.
376 3191 460 3240 Livio.
473 3192 550 3242 Grut.
567 3201 594 3241 et
606 3202 715 3242 receutt.
747 3192 797 3242 ‘ln
816 3195 858 3245 ed.
871 3195 989 3243 Pataroli
1000 3200 1059 3258 post
1073 3196 1236 3243 coementum

138 3266 178 3305 est
190 3255 271 3306 veneta
282 3255 381 3321 στιγμὴ,
396 3257 496 3305 omissis
515 3257 611 3320 verbis,
631 3265 657 3308 nt
674 3259 769 3308 multem
782 3291 790 3307 .
802 3291 809 3306 .
822 3292 829 3308 .
842 3258 991 3317 ‚justitiam
1024 3260 1110 3308 Credo
1121 3272 1235 3307 errorem

138 3336 201 3434 esula,
212 3337 441 3436 ιεἶρετιιτιιιιέςΡηειῑιιι
453 3323 481 3436 ¹iu
493 3324 807 3439 trantslazionegerborup
820 3326 969 3436 onrisso‘rum
980 3325 1137 3374 sententiam
1150 3324 1236 3387 expri-

138 3402 193 3436 mr.
233 3403 335 3447 regem·
391 3402 648 3448 neo.rener‹mnr,·
689 3405 717 3438 ns
738 3405 773 3438 rn.
796 3404 953 3439 enereonrrr.

172 3452 238 3501 Cer.
249 3465 288 3501 xr.
317 3454 401 3502 llnde
412 3459 447 3502 ert
462 3453 540 3514 igitur
552 3455 610 3502 edd.
623 3464 683 3503 ante
695 3405 786 3504 Alma
811 3455 872 3505 Inde
891 3456 969 3516 igitur
986 3460 1021 3504 eet
1034 3455 1094 3504 t’er.
1109 3455 1193 3505 Lirin.
1211 3461 1237 3504 et

139 3516 251 3580 Guelph.
278 3519 303 3566 in
319 3517 452 3578 Rtenr'jum
464 3518 525 3566 edd.
537 3527 603 3569 vett.
626 3519 652 3569 in
664 3520 754 3570 delent
765 3521 824 3570 Ver.
837 3520 923 3570 Lirin.
933 3521 997 3568 Vel.
1007 3520 1123 3570 Putean.
1136 3522 1238 3571 Berlin.

140 3583 213 3632 etsie
224 3583 290 3646 conj.
302 3581 402 3631 narrar.
428 3583 482 3644 jum
494 3583 573 3633 Rheni
589 3601 603 3633 e
615 3585 675 3634 Vet.
693 3586 806 3635 Prrtean.
820 3595 847 3634 et
859 3586 919 3635 Vct.
932 3586 1014 3635 Lirin.
1026 3587 1126 3649 primus
1139 3587 1238 3651 recepit

140 3648 232 3698 Arntz.
255 3650 345 3697 residet
353 3649 410 3709 gelu
421 3649 480 3698 edd.
493 3657 557 3698 vett.
566 3659 592 3699 et
606 3650 693 3698 Rivis.
716 3652 814 3700 resistet
823 3652 879 3712 gelu
889 3652 951 3701 Vct.
961 3651 1045 3700 Lirin.
1058 3652 1162 3702 Bertin.
1176 3655 1238 3703 exe.

140 3715 220 3778 Lang.
231 3714 342 3776 Guelplr.
354 3714 429 3762 Grut.
440 3723 467 3763 et
479 3719 641 3764 recente-2
652 3717 724 3765 Niln‘t
736 3722 792 3770 turn,
802 3718 895 3766 omissa
907 3717 1051 3780 nocuerim,
1063 3717 1152 3766 Moerl.
1176 3733 1239 3783 pre·

140 3782 210 3830 eterit
225 3781 285 3830 edd.
304 3785 365 3829 ante
379 3779 471 3830 Arntz.
497 3782 621 3844 praeludit
638 3782 702 3830 Ver.
720 3782 803 3832 Lirin.
823 3783 925 3832 Bertin.
943 3781 1030 3832 Moerl.
1047 3791 1075 3832 et
1091 3782 1163 3833 Gud.
1188 3797 1240 3847 rpee

637 3916 743 3968 NOTAE

174 4021 184 4045 ¹
199 4014 267 4062 Unus
280 4012 376 4075 Perses]
393 4015 489 4064 Perses
501 4013 672 4063 Macedonum
715 4015 815 4078 phulem
827 4029 930 4066 currum
942 4017 1037 4066 ductus
1048 4023 1101 4071 eet.
1116 4017 1238 4068 vid-Lir.

144 4104 188 4137 rex
197 4106 238 4140 an.
250 4091 283 4139 U.
291 4091 321 4140 C.
330 4095 386 4140 576.
400 4091 520 4153 Philippo
533 4092 602 4152 patri
614 4106 673 4140 sue·
713 4094 759 4144 lib.
767 4107 808 4142 xu.
817 4094 916 4145 Jrrstim
924 4095 969 4144 lib.
978 4108 1088 4144 xxxrrr.
1105 4095 1239 4147 Plutarch.

144 4166 230 4214 cessit.
243 4167 270 4215 Is
280 4168 414 4217 undecimo
423 4176 482 4232 post
492 4167 673 4218 annoaPanlo
713 4171 738 4221 in
750 4171 833 4223 Paulo
845 4172 931 4223 AEmil.
943 4172 1011 4222 Veli.
1020 4172 1129 4225 Petere.
1139 4175 1187 4224 &a

144 4243 245 4297 AEmilic
254 4246 337 4297 rictus
346 4255 406 4300 ente
417 4249 521 4300 victoris
530 4249 570 4300 rui
579 4250 669 4300 trium·
