2730 4726
293 319 351 368 nr..
376 315 537 367 vsnnnrr
565 312 823 366 conseruntur
848 313 984 362 urunt.
1098 295 1185 364 1811

85 464 191 532 Italia
215 464 439 549 inprimisque
464 463 499 527 in
525 464 604 528 urbe
632 461 899 547 persecutionem
921 460 955 524 in
977 456 1184 527 Christianos

84 569 266 649 instaurat,
284 566 523 634 Constantinus
548 565 732 629 secundum
753 563 871 642 consul
894 562 1026 628 Licinio
1039 561 1126 645 Aug.
1141 580 1186 629 rr.

86 691 161 736 cos.
176 668 321 754 collega,
338 671 470 755 pacatis
492 667 609 734 Gallia
630 675 665 732 et
686 668 802 744 ltalia,
819 668 1001 750 relictaque
1017 665 1059 729 ad
1074 666 1185 734 Rheni

84 773 285 857 praesidium
299 773 380 857 plus
395 772 506 837 media
521 772 688 836 exercitus
709 778 813 854 parte,
829 771 945 834 urbem
960 788 982 833 a
996 770 1187 836 saevissima

86 875 257 941 Maxentii
286 875 461 960 tyrannide
486 874 687 939 liberaturus
714 871 823 957 Alpes
851 872 1099 955 transgreditur.
1144 873 1186 938 ln

84 979 220 1059 itinere,
236 987 246 1016 ⁶
261 999 338 1045 oum
357 976 453 1062 jam,'
470 978 577 1061 inquit
600 976 767 1041 Eusebius
790 976 832 1040 de
853 972 926 1040 Vit.
952 973 1069 1040 Const.
1088 975 1147 1040 lib.
1162 991 1186 1038 r.

85 1082 164 1147 ‘sol
184 1082 229 1148 ad
244 1082 387 1147 medium
404 1081 527 1147 coelum
548 1079 768 1158 ascendisset,
790 1079 845 1143 die
865 1078 900 1142 in
921 1077 1184 1162 pomeridianum

85 1188 279 1264 inclinante,
305 1183 545 1251 Constantinus
568 1183 655 1248 dixit
681 1202 718 1247 se
743 1183 854 1247 crucis
879 1182 1009 1264 siguum
1030 1201 1074 1246 ex
1099 1182 1185 1246 lucis

85 1289 277 1373 splendore,
302 1290 336 1353 in
365 1288 444 1372 ipso
471 1286 563 1353 coelo
587 1286 653 1352 soli
677 1285 851 1350 imminens
876 1285 1055 1350 manifesto
1076 1282 1185 1351 oculis

85 1391 277 1476 aspexisse,
291 1392 327 1455 in
343 1410 453 1475 eoque
468 1389 719 1473 inscriptionem
734 1387 851 1453 horum
863 1389 1040 1453 verborum
1053 1387 1184 1471 consig-

83 1501 219 1560 natam:
242 1491 372 1579 ἐντούτῳ
384 1490 472 1568 νίκα,’
495 1493 551 1558 vel
568 1492 690 1557 Latine
709 1497 747 1556 ut
768 1490 907 1557 affirmat
927 1492 1185 1575 Philostorgins,

86 1615 129 1662 rs
147 1615 222 1684 noc
238 1612 378 1664 vrucn:
399 1596 497 1680 cujus
511 1594 592 1660 iacti
611 1594 711 1659 fidem
725 1594 863 1659 dubiam
878 1594 950 1659 sore
963 1596 1012 1661 ait
1025 1596 1112 1661 idem
1128 1596 1186 1680 qui

84 1701 151 1766 hoc
166 1699 266 1765 refert
285 1698 464 1775 Eusebius,
481 1698 546 1763 nisi
560 1697 594 1763 id
610 1697 677 1762 sihi
691 1716 713 1762 a
727 1696 955 1763 Constantino
977 1699 1013 1762 iu
1029 1698 1187 1764 familiari

86 1802 259 1886 colloquio
284 1808 376 1867 esset
400 1822 476 1867 cum
493 1801 711 1887 jurejurando
730 1800 974 1881 confirmatum,
991 1802 1186 1887 ‘hujusque

84 1904 254 1990 prodigii,'
276 1910 312 1969 ut
335 1905 410 1988 ipse
429 1904 493 1982 ait,
514 1908 713 1988 ‘spectatur
736 1903 857 1968 fuisset
883 1911 975 1968 totus
998 1905 1187 1970 exercitus?

87 2005 193 2084 Quod
219 2008 356 2089 quidem
381 2006 553 2073 Artemius
579 2012 706 2091 martyr
728 2007 781 2071 rir
801 2007 927 2072 nobilis
941 2008 998 2092 qui
1013 2015 1082 2072 tum
1098 2009 1132 2073 in
1146 2029 1186 2074 eo

85 2110 177 2174 bello
191 2110 372 2188 militabat,
387 2130 499 2175 coram
515 2109 652 2176 Juliano
668 2108 758 2194 Aug.
773 2110 840 2175 sibi
860 2117 997 2176 mortem
1011 2112 1187 2179 minitante
1313 2178 1320 2191 ,

86 2217 308 2290 contestatus,
330 2213 565 2292 Constantino,
590 2213 713 2298 inquit,
729 2219 740 2250 ‘
755 2221 870 2280 contra
890 2216 1100 2281 Maxentium
1116 2218 1187 2283 hel·

84 2314 153 2379 lum
171 2314 399 2382 difficillimum
422 2317 550 2382 ineunti
572 2319 700 2401 siguum
723 2319 833 2383 crucis
855 2319 1025 2403 apparuit,
1039 2319 1073 2385 in
1096 2323 1186 2388 coelo

84 2414 201 2483 media
226 2418 281 2482 die
306 2437 407 2503 super
433 2418 541 2484 solem
556 2420 669 2486 ,radiis
696 2440 892 2500 coruscans,
911 2422 1018 2487 literis
1044 2424 1186 2491 sidereis

82 2519 260 2585 victoriam
277 2521 529 2605 praenuntians:
554 2543 617 2589 nos
642 2523 741 2602 enirn,
769 2525 829 2609 qui
845 2525 937 2590 bello
963 2527 1185 2607 interfuimus,

85 2623 216 2706 signum
248 2623 402 2701 vidimus,
431 2625 611 2710 literaeque
640 2626 794 2709 legimus,
824 2632 983 2712 totusque
1009 2632 1187 2714 conspexit

86 2726 273 2801 exercitus,
299 2726 457 2812 multique
483 2728 583 2793 hodie
608 2734 712 2794 testes
737 2735 851 2794 extant
876 2730 909 2794 in
933 2727 1188 2798 exercitu'tuo!

87 2826 167 2905 Quo
192 2829 360 2912 pertinent
384 2829 474 2894 haud
498 2829 598 2895 dubie
625 2850 703 2914 quae
732 2830 774 2896 de
799 2833 963 2915 prodigiis
990 2818 1186 2902 coelestibus

86 2929 311 2996 Constantino
326 2931 410 2998 visis
424 2932 547 2998 habent
561 2953 629 2998 non
644 2953 713 2998 uno
729 2935 762 2998 in
784 2935 863 2999 locu
888 2933 1097 3000 Constantini
1119 2937 1185 3003 Pa·
1218 2993 1220 2996 .

86 3033 247 3116 negyrici.
270 3034 314 3099 ld
329 3054 409 3099 vero
427 3035 637 3121 Nicephorus
652 3037 819 3103 contendit
834 3039 868 3102 in
882 3037 981 3102 ltalia
994 3040 1188 3123 contigisse,

85 3135 279 3201 Bucherius
307 3139 340 3201 in
367 3157 430 3202 suo
462 3137 581 3220 Belgio
607 3139 766 3206 Romano
796 3140 987 3224 Nivomagi.
1031 3144 1188 3224 AEgidius

85 3237 249 3304 Gelenius
272 3241 306 3305 in
327 3241 415 3307 lihru
439 3241 481 3306 de
508 3239 737 3325 Magnitudine
760 3242 967 3321 Coloniensi,
983 3244 1018 3306 in
1034 3245 1187 3326 Zinnich,

85 3339 131 3406 ad
147 3340 261 3407 Rheni
279 3353 319 3409 ‚et
339 3342 419 3409 Arae
443 3345 644 3410 confluxnm.
686 3344 789 3411 Joan.
804 3345 959 3410 Marinus
979 3347 1013 3410 in
1036 3348 1189 3416 Historia

86 3443 226 3511 Gallica
240 3445 421 3513 vindicatae
436 3448 471 3513 in
487 3449 672 3515 libertatem
692 3470 714 3515 a
736 3450 962 3516 Constantino
985 3450 1188 3520 Christianae

85 3546 258 3628 ecclesiae,
273 3547 358 3614 inter
372 3549 650 3633 Augustodunum
671 3560 705 3619 et
725 3553 912 3619 Ladonam.
958 3553 1080 3620 Contra
1100 3575 1188 3640 quos

70 3651 203 3715 'ornnes
219 3657 332 3717 noster
346 3652 471 3719 Petrus
487 3654 606 3722 Franc.
618 3655 807 3722 chiffletius
818 3657 852 3720 in
865 3676 929 3721 sua
938 3656 1186 3724 Dissertatione

86 3752 130 3817 de
145 3752 235 3831 loco,
250 3761 411 3840 tempore,
432 3764 467 3822 et
489 3759 613 3825 ceteris
634 3759 803 3846 adjunctis
823 3760 1050 3824 conversionis
1068 3760 1187 3844 Magni

87 3851 305 3921 Constantini
330 3857 375 3923 ad
397 3859 494 3925 fidem
518 3852 753 3941 Christianam,
773 3863 896 3946 probat
915 3862 950 3927 id
966 3863 1052 3926 inter
1072 3863 1186 3928 Danu-

86 3958 182 4022 bium
197 3967 233 4024 et
247 3957 398 4026 Rhenum
415 3963 595 4046 contigisse
609 3964 696 4030 haud
708 3963 825 4050 procul
838 3966 1005 4043 Brisacio,
1021 3985 1079 4048 per
1094 3967 1185 4050 quod

85 4060 145 4126 ille
162 4060 282 4127 Rheno
304 4064 447 4148 trajectu
471 4086 547 4131 curn
569 4066 702 4133 Helena
723 4076 828 4136 matre
847 4076 881 4133 et
896 4067 1016 4151 Crispo
1031 4069 1101 4133 filio
1116 4068 1184 4136 Ve-

85 4162 273 4231 sontionem
289 4166 384 4234 abiit.
421 4167 478 4237 Ut
499 4176 537 4239 ut
551 4175 611 4249 est,
626 4169 884 4242 Constantinum
899 4170 964 4234 hoc
979 4170 1114 4242 coelesti
1128 4192 1183 4238 os·
