2730 4726
323 323 376 372 un
400 322 623 373 uuusarrru
647 321 967 375 cnunrrruraouu.
1107 309 1195 377 1193

87 465 327 554 praedicandas
340 467 444 532 sumit
458 472 494 532 et
507 466 670 550 pietatem
684 472 717 531 et
730 467 923 535 felicitatem
939 467 1111 553 utriusque
1126 468 1196 535 lm·

87 566 269 656 peratoris.
312 567 367 634 Ac
390 569 522 653 quidem
538 589 616 652 cap.
631 587 683 633 vl.
699 571 732 634 l.
747 571 780 635 2.
795 571 1005 637 commendat
1019 571 1194 655 utriusque

87 674 249 759 pietatem
264 691 343 753 erga
353 671 467 754 Deos;
482 677 553 736 tum
567 672 727 738 laudibus
738 674 849 739 evehit
860 679 1009 738 mutuam
1021 674 1194 757 pietatem,

89 796 159 859 qua
177 775 247 860 ipsi
269 795 308 839 se
328 775 471 840 invicem
484 774 646 839 coluerint
659 774 694 840 hi
710 775 952 858 Imperatores.
997 774 1101 840 Hanc
1119 795 1195 859 pro·

86 878 161 956 bat,
176 897 251 962 cap.
268 893 320 940 vr.
334 877 367 941 3.
383 878 416 942 4.
430 878 465 941 5.
479 876 511 942 6.
525 877 558 942 7.
590 877 623 942 1.
639 895 683 943 ex
702 875 843 942 mirifica
868 875 1049 941 concordia
1063 876 1099 940 in
1114 896 1197 960 pos·

88 978 233 1045 sidendo
255 984 290 1042 et
309 977 454 1061 regendo
474 977 566 1042 orbis
587 975 733 1042 Romani
753 978 908 1061 imperio.
936 980 969 1044 2.
986 998 1063 1061 cap.
1080 996 1148 1042 vu.
1162 979 1196 1043 1.

87 1081 124 1146 2.
137 1082 173 1147 3.
186 1082 218 1145 4.
239 1097 285 1147 ex
307 1081 543 1146 communione
563 1086 600 1144 et
621 1081 881 1164 participatione
903 1081 1106 1167 laurearum,
1126 1081 1150 1145 i.
1165 1099 1197 1146 e.

87 1182 308 1248 victoriarum
324 1187 359 1246 et
373 1181 612 1264 triumphorum
627 1182 670 1245 de
684 1182 841 1247 hostibus
855 1182 1045 1248 relatorum.
1070 1170 1103 1248 3.
1118 1202 1197 1265 cap.

90 1299 160 1348 vn.
175 1285 209 1351 5.
223 1285 256 1350 6.
271 1286 304 1350 7.
321 1303 366 1348 ex
384 1289 500 1349 mutua
520 1285 636 1367 gloriae
653 1285 879 1365 aemulatione,
894 1286 998 1352 etiam
1012 1287 1047 1350 in
1062 1286 1198 1350 diversa

88 1385 209 1470 stirpe,
232 1389 266 1450 et
288 1384 447 1449 dissimili
469 1393 583 1451 aetate.
620 1388 652 1451 4.
667 1406 744 1469 cap.
760 1404 846 1452 vru.
868 1408 966 1473 seqq.
988 1409 1007 1454 e
1030 1391 1198 1454 conventu

89 1486 365 1568 Mediolanensi;
387 1506 465 1551 eum
485 1488 578 1554 nulla
597 1489 726 1554 itineris
746 1491 1024 1575 tempestatisque
1039 1489 1199 1557 molestia

89 1588 234 1654 detincm'
252 1589 437 1672 potuerint,
450 1609 519 1672 quo
541 1590 654 1653 minus
673 1590 880 1674 pervolarint
899 1589 1133 1656 Mediolanum
1152 1590 1198 1658 ad

89 1689 298 1775 colloquium
326 1690 484 1769 amicum,
503 1691 550 1783 'de
572 1693 749 1776 republica
771 1693 804 1758 in
827 1711 1003 1759 commune
1028 1693 1198 1761 consulta·

88 1792 173 1858 turi.
215 1791 330 1877 Hujus
362 1794 449 1858 adeo
476 1786 605 1858 itineris
628 1794 799 1871 describit,
821 1794 854 1860 1.
875 1814 954 1880 cap.
976 1813 1060 1860 vm.
1082 1796 1198 1861 celeriss

89 1900 207 1960 tatem.
251 1895 285 1960 2.
308 1914 384 1980 cap.
409 1912 467 1959 rx.
490 1897 523 1960 1.
545 1897 578 1960 2.
600 1896 634 1960 3.
655 1897 814 1980 temporis
837 1898 977 1982 hyberni
998 1904 1032 1965 et
1052 1895 1196 1980 Alpium

89 1984 368 2063 transeundamm
390 1998 620 2082 asperitatem.
658 1998 692 2062 3.
715 2017 793 2083 cap.
816 2015 873 2062 rx.
895 2000 928 2062 4.
945 2001 979 2064 5.
1000 2003 1034 2063 et
1055 2017 1132 2082 cap.
1156 2013 1199 2063 x.

88 2100 124 2164 l.
138 2099 174 2164 2.
187 2088 221 2165 3'.
235 2101 518 2185 comparationem
538 2119 615 2165 cum
635 2098 754 2164 itinere
776 2099 983 2165 Hannibalis
1001 2118 1059 2184 per
1074 2099 1196 2184 Alpes.

88 2205 123 2268 4.
138 2219 217 2286 cap.
233 2202 273 2266 x'.
287 2205 321 2265 4.
334 2204 368 2267 5.
383 2203 415 2267 6.
431 2208 598 2280 eventum,
613 2207 648 2265 et
668 2200 819 2265 laetitiam
841 2200 1013 2284 publicam
1035 2200 1115 2266 inde
1137 2218 1196 2268 ex·
1315 2240 1317 2245 ·

90 2305 242 2370 citatam.
283 2305 315 2368 5.
339 2323 415 2388 cap.
431 2318 488 2367 ιιι.
503 2303 752 2368 venerationem
772 2300 989 2387 praesentium
1008 2302 1199 2386 Imperato-

91 2411 180 2486 rum,
201 2406 356 2489 itemque,
371 2425 448 2489 cap.
463 2421 532 2471 ιιιι.
548 2404 578 2468 1·.
594 2405 627 2468 2.
650 2403 854 2469 desiderium
877 2404 1001 2469 civium
1026 2403 1198 2469 Romano·

90 2524 166 2572 rum
188 2526 302 2572 coram
324 2507 508 2573 venerandi
531 2505 770 2591 Imperatores.
792 2512 826 2570 et
840 2504 874 2570 6.
889 2526 965 2590 cap.
982 2505 1103 2570 x11.3.
1117 2505 1150 2568 4.
1164 2507 1197 2569 5.

90 2609 233 2674 reditum
256 2606 501 2691 Imperatorum
524 2609 568 2674 ad
593 2609 792 2673 exercitum.
832 2624 872 2672 ιι.
895 2627 975 2690 cap.
997 2622 1087 2672 xru.
1109 2626 1196 2689 prae·

91 2711 186 2777 dicat
212 2709 435 2776 Mamertinus
459 2711 652 2776 felicitatem
678 2712 854 2795 utriusque
881 2702 1125 2794 Imperatoris:
1163 2708 1198 2774 1.

91 2810 337 2897 cap.'x111.et
360 2829 441 2876 xlv.
460 2814 552 2898 quod
573 2814 678 2879 libere
701 2821 733 2878 et
754 2812 865 2877 securi
888 2831 925 2875 se
946 2811 1090 2879 invicem
1115 2828 1198 2876 con·

89 2916 225 3000 spicere
248 2922 281 2980 et
303 2914 486 2998 complecti
508 2916 651 2998 possint.
687 2914 719 2978 2.
742 2932 819 2996 cap.
837 2930 902 2977 xv.
917 2903 1014 2996 quod
1027 2912 1120 2983 salus
1135 2911 1197 2978 rei·

91 3019 250 3105 publicae,
279 3025 315 3084 et
343 3018 525 3083 salubritas
554 3024 754 3102 temporum,
778 3017 1002 3100 fertilitasque
1027 3021 1196 3093 terrarum,
1287 3023 1289 3028 ’

91 3124 140 3187 sit
159 3120 325 3187 restituta.
360 3121 393 3185 3.
416 3118 944 3205 cap.xvr.xvt1.xv111.quod
965 3119 1116 3202 barbarae
1137 3139 1197 3184 na·

94 3225 204 3289 tiones
224 3223 311 3307 ipsae
331 3242 368 3287 se
388 3227 571 3300 conterant,
587 3229 622 3288 et
641 3222 731 3287 bella
750 3222 864 3286 civilia
879 3220 922 3285 ad
937 3221 998 3284 has
1013 3220 1079 3285 siut
1093 3227 1199 3285 trans·

93 3328 177 3404 lata,
201 3343 383 3408 omnesque
402 3325 520 3389 hostes
543 3325 730 3408 quiescant.
776 3323 817 3387 In
840 3322 984 3407 epilogo,
1009 3340 1087 3404 cap.
1108 3337 1198 3386 xlx.

93 3428 220 3494 Orator
241 3427 349 3511 primo
370 3427 538 3490 rationem
561 3424 683 3500 reddit,
708 3426 798 3509 quod
818 3424 939 3489 inhac
962 3425 1114 3489 oratione
1136 3444 1199 3509 po·

94 3531 263 3595 tissimum
292 3527 334 3593 de
363 3527 492 3611 pietate
521 3534 556 3592 et
582 3526 746 3593 felicitate
772 3526 949 3609 utriusque
980 3524 1198 3609 Imperatoris

94 3631 283 3711 disseruit3
315 3627 437 3693 deinde
464 3628 665 3693 maritimam
689 3629 863 3693 victoriam
890 3628 1025 3711 utrique
1055 3645 1199 3708 augura·

94 3741 163 3799 tur·
206 3732 277 3798 His
303 3730 389 3796 adeo
416 3730 612 3815 praemissis,
633 3729 708 3813 jam
732 3731 843 3812 ipsum
870 3736 1065 3795 contextum
1081 3727 1198 3812 'hujus

94 3834 298 3919 Panegyrici
321 3831 537 3898 Genethliaci
554 3833 749 3910 recensebo,
764 3840 810 3912 et,
825 3833 884 3897 ubi
899 3833 1033 3897 dabitur
1046 3829 1199 3911 occasio,
1304 3828 1307 3832 ’

95 3935 390 4003 observationibus
406 3934 611 4016 quibusdam
625 3933 794 3999 illustrare
810 3935 970 4006 conabor,
985 3931 1103 3997 iisdem
1118 3932 1199 3997 sub·

95 4041 208 4119 sidiis,
225 4058 302 4123 quae
317 4038 381 4101 suh
395 4037 525 4101 initium
541 4037 812 4103 observationum
829 4038 872 4104 ad
885 4037 1033 4119 priorem
1050 4033 1199 4102 Mamer·

95 4144 157 4210 tini
170 4142 352 4208 orationem
366 4140 531 4218 recensui,
546 4156 682 4205 usurus.
