2730 4726
425 827 491 893 DE
515 824 744 892 AUCTORE
770 824 1091 907 PANEGYRIOI,

376 1027 421 1079 ΕΤ
436 1026 512 1080 Quo
529 1024 709 1078 TEMPORE
724 1024 772 1077 Ac
788 1024 886 1078 LOCO
904 1026 1064 1078 Hnnr'rus
1080 1028 1146 1079 Sl'l'.

254 1497 520 1564 Mannnrrrrus
536 1517 557 1561 a
571 1495 711 1561 Juliano
725 1497 879 1580 Augusto
895 1499 1013 1562 consul
1029 1497 1140 1565 factus
1153 1500 1220 1566 hac
1236 1522 1304 1567 ora·

208 1600 298 1665 tione
322 1601 469 1685 Principi
492 1599 617 1684 gratias
637 1598 717 1680 agit.
762 1599 983 1665 Pronuntiata
1004 1611 1054 1665 est
1077 1622 1167 1668 anno
1185 1604 1305 1669 Christi

208 1718 380 1769 cccnxrr.
404 1723 492 1782 cnm,
513 1708 552 1766 ut
576 1721 622 1766 ex
644 1701 743 1766 sasti's
767 1710 918 1786 apparet,
940 1704 1157 1769 consulatum
1184 1712 1305 1790 gereret

209 1805 336 1871 Nevita
361 1806 500 1890 collega.
546 1804 635 1885 Quis
662 1824 772 1891 porro,
792 1803 1016 1871 Mamertinus
1041 1807 1098 1891 ille
1124 1809 1238 1888 fuerit,
1261 1829 1305 1874 ex

209 1929 278 1993 qna
304 1908 416 1992 patria
441 1908 613 1985 oriundus,
637 1908 770 1986 nullibi,
794 1908 887 1992 quod
911 1911 1030 1988 sciam,
1053 1911 1223 1995 proditum
1249 1907 1316 1978 est.

208 2011 282 2095 Ego
296 2012 397 2078 facile
410 2020 527 2097 putem
541 2011 630 2077 hunc
647 2009 810 2079 Messana
822 2010 997 2076 oriundum
1014 2010 1135 2091 fuisse,
1152 2014 1205 2079 sic
1221 2017 1306 2080 enim

208 2113 450 2181 Messaneuses
471 2119 607 2200 propter
624 2108 846 2179 Mamertinos
869 2112 1014 2197 hospitio
1034 2123 1202 2199 exceptos
1218 2119 1306 2185 dicti

207 2224 287 2282 sunt
302 2216 505 2282 Mamertini.
550 2216 633 2301 Ejus
653 2216 779 2279 mentio
793 2214 834 2280 fit
846 2214 883 2278 in
898 2214 1001 2280 variis
1013 2215 1103 2282 locis
1118 2219 1213 2301 apud
1228 2221 1304 2285 Arn-

207 2319 356 2382 miannm
371 2318 430 2382 lib.
446 2334 497 2382 vr.
512 2332 600 2381 xxr.
617 2333 731 2381 xxrrr.
775 2314 890 2401 Atque
912 2317 1013 2382 etiam
1035 2319 1110 2403 ipse
1125 2317 1171 2384 de
1187 2341 1226 2386 se
1240 2342 1305 2386 non

209 2421 313 2485 semel
326 2420 474 2503 loquitur
488 2420 554 2485 hoc
568 2421 603 2484 in
618 2420 839 2505 Panegyrico.
884 2420 940 2483 Ex
961 2421 1085 2505 quibus
1099 2420 1189 2486 locis
1205 2425 1306 2488 omni·

207 2526 273 2589 bus
304 2530 439 2588 constat
464 2523 702 2589 Mamertinum
728 2523 923 2608 praefectum
949 2524 1067 2588 aerario
1092 2525 1216 2605 fuisse,
1240 2534 1305 2591 tum

205 2628 399 2712 praefectum
416 2630 576 2711 praetorio
590 2649 650 2712 per
665 2628 851 2711 Illyricum,
867 2628 901 2691 in
924 2625 1022 2711 cujus
1043 2629 1233 2711 provinciae
1249 2629 1306 2694 ad·

207 2731 451 2795 ministratione
476 2732 649 2814 peculatus
671 2752 760 2810 reus,
784 2731 960 2795 absolutus
982 2737 1047 2809 est,
1071 2750 1113 2794 ac
1135 2731 1305 2796 tandcma

206 2833 343 2898 Juliano
372 2834 491 2897 consul
519 2832 639 2898 sactus.
683 2831 739 2897 An
769 2853 847 2898 vero
878 2832 1095 2896 Mamertinus
1119 2834 1187 2909 hic,
1217 2835 1304 2900 idem

207 2937 315 3013 fuerit,
331 2943 434 3019 atque
450 2935 507 2999 ille
523 2936 579 2999 cni
595 2935 793 3021 Panegyrici
810 2952 851 2999 rr.
868 2941 901 2999 et
917 2951 976 2997 ιιι.
994 2933 1210 3002 Maximiano
1228 2937 1304 3002 dicti

208 3040 445 3115 attribuuntur,
458 3058 567 3121 neque
581 3038 685 3102 velim
707 3037 877 3116 affirmare,
892 3042 930 3100 nt
943 3035 987 3101 ad
1001 3036 1062 3100 hos
1077 3035 1303 3123 Panegyricos

207 3142 396 3221 observavi,
408 3148 544 3225 propter
560 3142 707 3223 spatium
723 3139 938 3222 septuaginta
953 3157 1113 3203 annorum
1128 3139 1218 3205 inter
1232 3141 1304 3206 illo·

207 3263 279 3308 rum
302 3253 334 3307 et
356 3243 456 3328 hujus
480 3241 683 3326 Panegyrici
707 3249 879 3324 tempora3
901 3258 1009 3324 neque
1032 3239 1143 3304 ausim
1167 3260 1304 3324 prorsus

207 3365 352 3428 negare:
383 3366 459 3410 nam
487 3355 557 3410 tum
586 3365 662 3411 curn
692 3344 780 3409 hanc
803 3343 986 3408 orationem
1013 3342 1101 3414 dixit
1127 3343 1304 3408 admodum

207 3468 312 3515 senex
326 3448 432 3512 fuisse
448 3449 590 3525 videtur,
605 3456 645 3511 nt
659 3452 791 3511 constat
805 3467 848 3511 ex
863 3446 990 3529 Paneg.
1006 3464 1080 3527 cap.
1098 3460 1201 3509 xvir.
1218 3445 1305 3509 ‘Sed

208 3572 231 3617 a
250 3551 373 3616 teneris
396 3552 504 3628 annis,
527 3552 570 3614 ab
591 3557 692 3615 aetate
711 3549 830 3635 puerili
852 3549 897 3614 ad
911 3549 997 3614 hanc
1012 3567 1118 3632 nsque
1134 3549 1303 3627 canitiem,

208 3655 407 3723 consulatus
424 3673 536 3717 amore
549 3651 709 3737 flagravi!
