2730 4726
207 302 297 373 1618
543 301 548 310 '
611 313 747 363 nsrrru
773 315 910 364 rscsrr

208 480 339 546 semper
353 458 529 544 imperium
544 465 605 523 aut
622 462 717 523 tuum
736 457 885 523 futurum
908 458 964 537 sit,
978 465 1041 523 aut
1055 465 1209 525 tuorum:
1238 481 1305 543 per·

209 568 295 634 tinet
308 571 421 627 tamen
437 561 481 626 ad
495 562 660 645 geminam
672 562 873 646 reipublice
888 562 1114 637 securitatem,
1130 564 1226 647 quod
1240 564 1306 627 lieri

209 687 279 739 non
302 673 425 750 potest,
445 666 549 729 etiam
575 685 643 729 nou
667 665 786 730 timeri.
827 667 862 730 4.
884 663 951 728 Sed
974 672 1157 750 utcumque
1183 670 1308 732 virtutis

209 777 277 838 tua
290 788 398 852 opera
412 767 557 832 curiosae
571 768 781 851 posteritatis
794 767 907 833 oculis
922 767 1088 833 artificum
1103 789 1229 834 manus
1242 771 1308 834 red-

210 872 282 951 det,
297 889 375 936 cum
389 876 423 934 te
439 869 494 934 vel
508 869 646 955 Alpium
660 871 764 936 dorsa
783 879 1007 954 superantem,
1022 874 1077 936 vel
1096 872 1239 938 flumina
1256 876 1308 938 olr

206 977 301 1063 Jecta
319 974 588 1052 tranantem,ch
609 993 726 1056 agmen
745 975 864 1041 hostile
885 974 1145 1060 triumphalibus
1162 977 1312 1059 vestigiis

212 1084 420 1156 atterentem,
434 1076 602 1160 pictorum
628 1083 729 1161 atque
752 1077 903 1143 lictorum
925 1084 1123 1160 assequetur
1148 1078 1312 1142 imitatio:

213 1179 400 1257 clementia,
422 1179 624 1264 Imperator,
646 1186 707 1244 tua
733 1198 801 1263 quo
822 1179 920 1255 calo,
941 1197 1009 1260 quo
1034 1177 1234 1261 pigmento,·'
1250 1199 1314 1262 quo

213 1303 281 1350 aere
295 1301 421 1348 aurove
436 1282 589 1360 ducetur,
603 1303 673 1367 qna
692 1289 730 1348 tu
752 1281 862 1366 ipsius
879 1282 1031 1346 victoriae
1046 1281 1172 1344 victor¹¹
1185 1283 1236 1345 ita
1250 1270 1315 1347 om·

214 1404 291 1449 nem
314 1402 392 1448 cum
416 1385 518 1448 armis
542 1385 625 1449 iram
651 1384 848 1469 deposuisti,
870 1388 907 1447 ut
930 1383 1092 1448 ceciderit
1117 1403 1222 1448 nemo
1245 1388 1315 1467 post

214 1488 354 1564 bellum,
375 1493 466 1552 certe
489 1506 590 1552 nemo
616 1492 694 1571 post
719 1487 935 1551 Maximumt
978 1487 1013 1550 5.
1035 1484 1162 1550 Paucis
1179 1485 1313 1551 Mauro

215 1609 286 1657 rum
299 1589 456 1665 bostiam,
472 1608 560 1671 quos
575 1608 687 1652 secum
701 1589 797 1653 velut
819 1608 938 1670 agmen
960 1589 1121 1652 iusemnm
1137 1591 1315 1652 moriturus

215 1693 418 1770 incluserat:
433 1701 467 1758 ct
480 1693 613 1757 duobus
630 1700 692 1757 aut
706 1694 809 1758 tribus
822 1694 939 1758 furiosi
955 1693 1150 1776 gladiatoris
1164 1693 1316 1758 lanistis·

215 1796 348 1861 inbelli
370 1794 538 1880 piaculum
561 1796 681 1873 casis}
694 1797 842 1880 reliquos
863 1815 987 1871 omnes,
1004 1797 1104 1861 venia
1126 1797 1316 1880 complexa,

217 1899 313 1964 velut
325 1899 473 1982 quodam
489 1908 639 1963 materno
653 1899 728 1962 sinu
743 1900 877 1963 clausit·
919 1900 954 1965 6.
978 1897 1117 1963 Nullius
1128 1900 1225 1963 bona
1237 1898 1317 1982 pub·

218 2001 333 2080 licata,
347 2001 476 2066 nullius
496 2001 641 2066 multata
662 2003 810 2079 libertas,
827 2002 953 2066 nullius
976 2001 1148 2085 praeterita
1171 2001 1316 2084 dignitas

219 2105 416 2170 imminuta:
438 2124 537 2169 nemo
557 2103 698 2169 affectus
719 2105 824 2182 nota}
845 2125 943 2169 nemo
966 2104 1134 2183 couvimo,
1150 2112 1214 2170 aut
1234 2103 1316 2168 deui-

220 2227 288 2290 que
304 2206 523 2288 'castigatione
539 2208 746 2290 perstrictus,
762 2207 900 2290 culpam
915 2209 1039 2292 capitis
1055 2210 1189 2272 aurium
1204 2207 1317 2271 saltem

220 2309 392 2374 molestia‘
405 2311 477 2375 luit.
523 2308 644 2374 Cuncti
660 2309 816 2374 domibus
830 2311 914 2389 suis,
929 2312 1042 2376 cuncti
1064 2310 1266 2395 conjugibus
1282 2325 1318 2371 ac

220 2411 347 2489 liberis,
363 2412 477 2477 cuncti
492 2412 647 2495 denique,
663 2413 754 2496 quod
775 2420 826 2478 est
846 2413 993 2492 dulcius,
1009 2416 1213 2479 innocentiae
1230 2411 1316 2478 resti·

223 2515 286 2578 tuti
306 2513 404 2578 sunt!
445 2516 477 2578 7.
499 2514 599 2591 Vide,
624 2516 823 2599 Imperator,
845 2517 926 2601 quid
951 2517 1014 2581 hac
1039 2518 1221 2581 clementia
1247 2535 1317 2581 con·

224 2624 357 2682 secutus
369 2618 439 2683 sis:
464 2618 585 2697 fecisti,
601 2623 637 2682 ut
650 2638 747 2682 nemo
761 2621 828 2685 sibi
845 2620 953 2690 rictus
967 2627 999 2685 te
1014 2621 1143 2687 victore
1159 2620 1318 2686 videatur.

256 2803 264 2836 ί
283 2803 375 2852 Colere.
569 2801 581 2842 l
597 2802 637 2852 Ar
647 2805 765 2866 expictdu
777 2806 830 2855 belli
841 2807 938 2856 aethra.

257 2866 269 2900 l
286 2869 387 2917 Probra
583 2865 591 2898 ¹
606 2868 752 2918 innocentia
757 2870 849 2931 sumam
862 2888 891 2921 uc
904 2874 975 2921 dacus
984 2877 1196 2933 recuperaverant.

684 2999 866 3022 oemeaemeo

226 3085 292 3134 Ere.
309 3081 504 3133 Sclrouhoret
520 3079 587 3131 Edd.
600 3086 665 3131 vett.
672 3083 778 3145 pertinet
789 3087 839 3132 tum
845 3099 855 3140 ,·
867 3085 930 3132 Vet.
940 3084 1052 3134 Puteau.
1064 3089 1091 3132 et
1103 3084 1170 3132 Exc.
1184 3083 1322 3133 Schouhor.

225 3152 329 3213 pertinet
337 3150 471 3197 tamea—4
487 3147 537 3196 Sed
548 3152 672 3210 atrumque
684 3148 796 3209 Guelplr.
815 3149 1172 3214 firtorrrmurrequereturedd.
1187 3158 1253 3199 vett.
1273 3148 1323 3207 jar·

213 3221 305 3278 ‚torum
315 3217 452 3276 assequetur
463 3212 575 3274 Gnelplr.
596 3213 711 3276 fictorum
725 3221 861 3276 assequetur
873 3216 935 3263 Exc.
948 3215 1093 3264 Sclruulror.
1106 3223 1135 3263 ut
1146 3218 1217 3276 conj.
1228 3214 1323 3264 Acidal.

227 3295 271 3342 qao
278 3281 334 3327 calc
343 3279 451 3327 tuuVet.
463 3276 575 3326 Puteau.
592 3285 633 3326 tau
645 3294 688 3341 qao
697 3280 753 3327 certo
759 3280 824 3327 Exc.
832 3280 977 3330 Schonlrov.
994 3295 1038 3343 qao
1046 3294 1094 3328 ατε
1102 3295 1207 3342 caroque
1217 3278 1324 3341 Guelplr.

228 3348 278 3391 -6
294 3345 358 3392 Ere.
373 3344 530 3404 Languere
545 3349 610 3399 rota,
619 3347 660 3408 te.
687 3344 781 3405 Faber,
790 3359 856 3394 temo
866 3362 880 3395 u
891 3350 948 3394 acta
960 3347 1079 3403 coaeieio3
1091 3343 1198 3395 Acidal.
1213 3360 1277 3394 rene
1290 3342 1326 3402 af·

222 3409 302 3468 sectus
313 3415 385 3463 nota3
401 3409 516 3468 Mallius,
533 3409 621 3457 nullius
635 3410 759 3470 praeterita
772 3410 888 3473 dignitas,
899 3411 986 3458 cultim
1002 3411 1135 3470 imminuta,
1146 3426 1218 3459 nemo
1231 3410 1326 3476 offertut

229 3479 294 3537 acta,
305 3487 380 3532 nmo,
391 3475 432 3535 tre.
446 3476 496 3535 vel,
507 3474 594 3522 nultius
602 3479 719 3536 praterea
729 3475 836 3536 dignitas
845 3476 979 3539 imminuta,
988 3491 1055 3525 tremo
1065 3473 1167 3538 affectus
1178 3482 1244 3532 notu,
1257 3490 1326 3531 aeae,

722 3587 833 3640 NOTAE

263 3686 275 3719 ‘1
296 3676 409 3726 Victoria
416 3677 504 3741 uictor]
520 3677 638 3725 Sumtunr
650 3676 713 3726 illud
726 3692 759 3727 ex
830 3688 840 3713 ⁸
855 3680 974 3744 lanistis]
985 3677 1326 3742 Lauistadicebanturprte·

231 3755 318 3804 Tullio
331 3768 377 3817 pro
387 3754 513 3803 Marcello
523 3768 580 3816 cap.
592 3767 643 3803 ιιι.
654 3751 758 3820 ‘Ipsam
799 3757 864 3807 fecti
882 3757 948 3807 ludis
967 3756 1129 3821 gladiatoriis
1144 3756 1273 3819 magistri,
1288 3753 1326 3819 qni

232 3833 365 3883 victoriam
377 3832 469 3881 vicisse
481 3830 588 3890 rideris,
603 3846 661 3881 cum
677 3848 709 3881 ea
719 3834 759 3896 ip·
800 3834 958 3898 gladiatores
975 3835 1150 3886 instituerent,
1164 3838 1327 3883 exercerent·

233 3925 270 3965 sa,
282 3910 394 3973 quasilla
410 3917 467 3960 eret
478 3909 583 3972 adepta,
596 3909 670 3958 victis
685 3910 760 3960 remi·
801 3927 851 3977 que
862 3912 896 3961 ad
908 3918 1019 3961 mutuam
1031 3911 1170 3960 lanienam·

234 3987 368 4047 tirti,’&c.
834 3988 960 4037 ‘Aurium
986 3988 1071 4038 saltem
1096 3985 1220 4048 molestia]
1246 3987 1327 4035 Nemo

242 4077 244 4081 “
268 4063 437 4127 flecterent]
457 4063 489 4112 Iu
511 4063 573 4113 urbe
592 4061 761 4128 Aquileiensi,
802 4080 878 4130 quam
902 4066 1005 4128 culpam
1025 4064 1111 4126 capite
1136 4066 1210 4113 luere
1233 4064 1327 4123 debuit,

236 4140 279 4188 ubi
299 4143 418 4191 obsessus
434 4155 451 4190 a
462 4141 603 4192 Theodosio
617 4149 762 4208 captusque
803 4143 932 4193 audienda
942 4143 1034 4192 saltem
1045 4141 1227 4205 objurgatione
1238 4140 1328 4204 depen-

236 4227 285 4268 est.
801 4219 851 4269 dit.
