2730 4726
130 340 217 407 utto
451 350 611 401 ssasarr
635 353 904 404 rsaaoaarous
932 341 936 347 ’

24 538 27 545 ·
129 510 168 569 nt
185 500 259 584 jam
278 497 439 563 inauditae
459 497 700 580 magnitudinis
715 499 865 565 obsidem
880 505 1078 566 teneremus.
1121 502 1157 568 6.
1179 503 1228 570 Ut

130 603 314 670 Herculem
337 601 458 676 serunt,
483 609 629 664 tenerum
649 601 771 680 adhuc,
797 613 898 686 atquc
925 603 1114 684 lactentem,
1140 606 1229 672 duos

131 701 273 787 anguesJ
295 722 395 767 manu
420 702 566 781 elisisse,
582 710 619 768 ut
639 703 713 787 jam
732 705 765 767 in
785 703 953 768 infantulo
972 706 1104 772 indoles
1122 706 1228 774 futuri

128 807 261 874 roboris
283 800 486 884 enricaret;k
509 805 559 869 sic
579 812 628 882 tu,
645 805 839 889 Imperator,
862 807 895 869 in
917 807 1006 889 ipsis
1028 808 1165 892 imperii
1180 812 1228 876 tui

130 909 315 987 cunabulis,
329 907 426 992 quasi
441 907 590 989 geminos
605 906 769 972 dracones
784 927 933 988 necares,
948 929 1008 993 per
1023 913 1227 979 saevissimo·

127 1034 201 1079 rum
214 1030 329 1094 regum
344 1008 475 1074 famosa
490 1009 659 1093 supplicia
673 1005 840 1075 ludebas.¹

172 1115 261 1181 Gar.
286 1129 385 1177 xvrr.
428 1112 460 1176 1.
484 1112 605 1177 Franci
627 1113 703 1197 ipsi,
718 1120 841 1198 praeter
861 1121 989 1179 ceteros
1008 1120 1132 1197 truces,
1148 1139 1227 1203 quo-

128 1239 202 1291 rum
216 1217 282 1297 uis,
297 1236 373 1283 cum
387 1215 431 1282 ad
446 1216 535 1281 bella
549 1216 788 1296 effervesceret,
802 1217 889 1282 ultra
902 1216 1013 1301 ipsum
1032 1229 1229 1286 oceanum¹²

128 1332 214 1391 aestu
226 1306 349 1387 furoris
370 1326 501 1396 evecta,
518 1319 763 1403 Hispaniarum
777 1321 879 1385 etiam
902 1324 1106 1388 nras'armis
1126 1324 1228 1389 infes-

128 1431 183 1490 tes
205 1424 369 1489 habebat:
392 1423 427 1487 hi
447 1423 544 1504 igitur
567 1424 631 1487 sub
646 1424 747 1488 armis
767 1423 837 1487 tuis
861 1424 911 1488 ita
935 1424 1166 1505 conciderunt,
1189 1435 1228 1492 ut

128 1529 231 1594 deleri
243 1528 395 1593 funditus
407 1533 555 1611 possent,
569 1528 637 1592 nisi
651 1527 765 1592 divino
780 1528 951 1606 instinctu,
967 1549 1036 1613 quo
1051 1532 1141 1613 regis
1156 1551 1228 1597 om·

127 1633 194 1710 nia,
210 1650 296 1716 quos
317 1631 391 1715 ipse
412 1628 583 1709 effeceras,
599 1627 825 1695 conficiendos
844 1627 915 1692 filio
929 1649 1151 1697 reservasses.
1195 1633 1227 1698 2.

129 1734 330 1819 Quanquam
352 1733 395 1797 ad
416 1732 554 1815 gloriam
569 1739 713 1797 vestram
736 1730 897 1797 soecunda
919 1733 1016 1797 malis
1036 1735 1109 1798 suis
1132 1736 1227 1800 natio

125 1838 175 1905 ita
188 1838 331 1922 raptim·
353 1835 513 1911 adolevit,
529 1835 729 1919 robusteque
742 1839 893 1900 recreata
912 1838 974 1912 est,
988 1840 1027 1900 ut
1040 1835 1226 1903 fortissimo

160 2031 170 2056 e
185 2023 253 2074 Adeo
262 2023 379 2074 celeriter.

587 2101 767 2123 mmOWOO

128 2185 241 2250 Guelplr.
249 2186 314 2237 Exe.
326 2185 469 2236 Sclronlrov.
479 2185 541 2237 Vet.
552 2185 664 2236 Putean.
674 2186 736 2236 Vet.
750 2185 833 2235 Lirin.
843 2186 944 2236 Bortin-
970 2192 998 2236 at
1012 2186 1102 2236 laeana
1112 2187 1227 2238 hadita

127 2252 284 2301 Viennensis
303 2252 368 2301 liber
386 2266 429 2315 ap.
448 2251 532 2301 Livin.
552 2251 620 2301 unde
640 2253 693 2308 iile,
709 2252 840 2310 arsam
855 2253 986 2310 meadum
1003 2251 1227 2316 Betriacuspin.

128 2317 314 2367 enmiaasditoe.
341 2313 409 2365 Vide
422 2316 634 2367 Nott.Varr.—d
651 2317 842 2380 (temptantque
850 2319 1067 2367 adtaclnctentera.
1087 2319 1227 2369 Edd.vett.

127 2387 156 2430 et
165 2381 219 2441 jum
237 2381 354 2438 infantulo
369 2381 386 2428 i.
397 2381 423 2440 s.
439 2397 461 2430 r.
479 2382 611 2431 immicaret
617 2397 628 2439 ,·
644 2382 757 2446 Guelptr.
774 2384 862 2441 etiarn,
878 2382 966 2443 atium
979 2383 1098 2441 infantulo
1107 2399 1117 2441 ,·
1131 2385 1226 2434 Cellar.

127 2447 245 2496 Patarol.
258 2453 284 2494 et
298 2453 408 2496 recentt.
435 2447 555 2508 utjomr'n
565 2447 681 2505 infamato
691 2448 740 2506 is.
757 2462 779 2496 r.
790 2448 918 2505 emicaret5
933 2456 961 2497 et
978 2450 1017 2496 sie
1036 2448 1106 2512 conj.
1124 2448 1227 2499 Acidal.

127 2512 238 2562 micaret
248 2511 311 2560 Vct.
325 2511 434 2561 Puteau.
446 2521 473 2560 et
484 2512 555 2563 Gud·
580 2512 779 2562 woerisrimoresn
793 2527 876 2573 regum
894 2512 1007 2575 Grrelplr.
1029 2513 1123 2571 ,⁸Male
1140 2515 1226 2564 Mart.

128 2576 385 2691 ρτωῖετιίαιίηἶοεα
400 2577 531 2642 supplicia!
547 2576 645 2640 Jager.
671 2578 889 2641 supplieinoidelras
903 2577 1016 2643 Guelplr.
1038 2579 1158 2642 supplicia
1165 2594 1227 2644 pra·
1248 2633 1253 2648 ⁸

128 2643 307 2692 ludenscon'.
343 2643 419 2691 cidal.

161 2708 229 2757 Can.
250 2658 321 2756 varr.
349 2711 363 2755 l
382 2707 496 2771 Guelph.
511 2712 539 2756 et
549 2706 611 2756 Vct.
626 2707 711 2757 Lirin.
726 2707 802 2757 Grnt.
816 2707 1003 2759 crsecentia
1015 2707 1093 2766 lolia:
1111 2709 1226 2759 Rhenan.

126 2772 218 2837 Steplr.
229 2774 315 2823 Livio.
332 2773 417 2822 Rivin.
434 2774 467 2822 al.
481 2780 545 2821 vett.
561 2772 588 2820 iu
603 2772 695 2822 beilum.
712 2772 825 2837 Guelpir.
839 2772 1011 2833 astaferooris
1021 2789 1043 2821 e.
1054 2773 1226 2836 Hispanorum.

128 2838 202 2888 Idem
214 2839 297 2889 codex
308 2845 336 2888 et
347 2839 408 2888 Vet.
418 2838 500 2888 Lirin.
512 2838 636 2887 Mittunt.
664 2837 731 2890 Edd.
743 2847 804 2888 ante
819 2837 912 2888 Arnta.
923 2839 943 2887 ii
954 2838 1032 2900 igitar
1039 2853 1050 2896 ,·
1060 2838 1151 2891 Moerl.
1163 2841 1224 2890 Vct·

128 2903 213 2953 Lirin.
234 2903 346 2967 Grrelph.
363 2903 390 2951 lri
406 2903 493 2964 igitur.
513 2903 615 2952 Acidal.
634 2905 702 2966 conj.
723 2905 848 2966 arrogetis
863 2904 949 2954 omniu.
979 2905 1042 2952 Exc.
1054 2903 1139 2968 Laug.
1150 2906 1227 2955 Grut-

128 2968 214 3017 Paris.
225 2969 318 3017 Cellae.
330 2968 444 3017 Patarol.
457 2967 579 3034 afflixeras
586 2984 596 3026 ,·
615 2968 685 3019 Gnd.
699 2968 813 3033 Guelplr.
831 2970 937 3032 Cuspio.
954 2969 1071 3018 Rhenan.
1083 2970 1176 3035 Steph.
1187 2972 1225 3020 li·

127 3034 181 3081 vin.
193 3034 278 3082 Rivin.
289 3035 386 3097 dager.
413 3033 534 3096 effeceras.
551 3035 654 3082 Puteol.
674 3034 791 3083 Rhenan.
808 3035 897 3098 steph.
914 3034 997 3083 Lirin.
1016 3034 1104 3083 Ririn.
1117 3037 1150 3084 al.
1163 3044 1226 3085 vett.

126 3098 276 3164 afficiendos,·
288 3099 349 3147 Ver.
360 3098 443 3148 Lirin.
454 3099 555 3147 Berlin·
573 3100 637 3148 Erre.
649 3098 732 3162 Lang.
744 3101 808 3149 Eue.
822 3100 967 3149 Sclronhor.
978 3099 1055 3148 Grnt.
1070 3107 1100 3150 et
1111 3110 1221 3150 reeentt.

128 3163 297 3227 conficienda,-
315 3164 415 3212 Acidal.
432 3165 501 3227 conj.
515 3165 654 3231 efficiendos,
666 3175 711 3212 aut
723 3166 809 3229 potins
819 3166 1031 3232 conjiciendos-2
1049 3164 1082 3220 Q.
1098 3168 1164 3228 adg.
1173 3180 1225 3215 uos·

127 3233 191 3276 tram
202 3229 309 3290 cuspin.
323 3229 441 3279 Rhenan.
452 3229 544 3293 Steph.
557 3229 640 3278 Lirin.
650 3229 753 3280 Puteal.
766 3231 850 3291 Rivin,
863 3234 896 3279 al.
907 3238 970 3279 vett.
998 3229 1031 3285 Q.
1042 3233 1075 3278 cd
1085 3245 1113 3292 g.
1127 3237 1226 3280 oestrum

128 3293 191 3342 Ver.
209 3295 320 3345 Puteau.
338 3295 401 3345 Ver.
420 3295 504 3344 Lirin.
515 3296 602 3345 Moerl.
614 3294 726 3360 Guelph.
739 3295 815 3346 Grnt.
826 3307 854 3347 et
865 3303 976 3347 recentt.
1001 3299 1108 3344 neamus
1122 3297 1224 3358 glorian

622 3446 732 3498 NOTAE

96 3572 101 3579 ·
160 3542 252 3591 tDaos
268 3543 366 3606 argues]
383 3543 521 3595 Alauona
539 3543 595 3606 ejus
612 3558 658 3594 no·
729 3555 747 3580 Ν
768 3547 841 3596 Ultro
867 3544 944 3608 ipsum
973 3540 1097 3605 mensum]
1128 3542 1225 3608 Tangit

128 3634 205 3670 verca
233 3621 259 3669 in
287 3622 341 3684 eJ'us
368 3621 495 3670 cunabula
522 3620 657 3670 immissos.
696 3623 777 3673 Probi
790 3622 954 3686 imperatoris
972 3625 1094 3683 tempora
1109 3618 1158 3668 snb
1175 3634 1225 3684 quo

129 3698 205 3762 Virg.
218 3697 276 3748 AEn.
291 3711 353 3747 vrrs.
365 3701 422 3746 288.
437 3696 494 3748 ‘Ut
512 3697 593 3762 prima
612 3713 657 3748 no·
697 3699 856 3749 Francorum
865 3712 964 3758 manus,
974 3695 1028 3760 ‘qui
1038 3693 1224 3761 al'onto,’qnn

130 3789 213 3826 vercae
241 3776 360 3824 Monstra
386 3788 464 3823 manu
491 3775 657 3839 geminosque
697 3776 724 3824 in
744 3777 802 3825 loco
823 3775 920 3837 captivi
941 3771 1034 3826 Fraaci
1057 3771 1225 3835 tenebantur,

129 3867 247 3916 premens
260 3851 359 3901 eliserit
372 3850 484 3914 angues!
699 3852 844 3916 ‘correptis
854 3849 970 3906 navibus,
982 3846 1114 3897 Graeciam
1126 3847 1225 3897 Asiam·

159 3926 326 3988 *infantula
340 3927 486 3976 ..emicaret
502 3926 658 3991 [immicaret]
698 3945 749 3996 que
767 3929 895 3992 populari,
906 3941 954 3976 nec
972 3926 1076 3988 impune
1095 3925 1224 3990 plerisque

129 4003 222 4054 Malim
234 4020 291 4055 cum
300 4002 429 4069 Acidalio,
439 4005 466 4054 ia
477 4004 658 4063 iffoatuloemi·
699 4007 788 4070 Libyae
805 4006 938 4056 littoribus
955 4001 1067 4065 appulsi,
1081 4001 1152 4065 ipsas
1168 4017 1224 4066 pos·

128 4087 203 4132 earn.
700 4090 783 4136 tremo
803 4081 936 4130 navalibus
956 4076 1087 4144 qnondam
1109 4078 1224 4129 victoriis

163 4158 170 4191 ¹
186 4157 304 4224 Ladstus]
324 4159 401 4209 Forte
418 4158 572 4223 proeiudebcs.
597 4158 658 4211 Aci·
698 4160 798 4210 nobiles
810 4167 935 4223 ceperant
947 4157 1099 4221 Syracusas.
1126 4155 1162 4205 Et
1179 4155 1224 4205 im·

132 4233 186 4284 dal.
698 4251 787 4288 menso
795 4236 887 4286 itinere
896 4233 1012 4300 pervecti
1020 4230 1166 4288 Oceanum,
1174 4245 1224 4296 qua
