2730 4726
192 291 280 361 laad
512 308 670 358 racanrr
697 309 973 361 annueramus
1008 332 1010 336 >

191 442 309 526 matre.
352 461 385 524 5.
409 457 638 536 Oeoelmtnm,
655 460 842 544 Imperator
857 469 995 539 aeterne,
1014 460 1292 545 piamentum,

192 581 270 645 quae
303 567 396 626 tuum
431 562 536 627 illum·
555 563 703 626 animum
737 583 871 646 semper
896 564 1057 630 invictum
1084 566 1161 632 sola
1188 566 1294 632 vicit!

190 663 226 728 6.
249 664 329 729 Nun
345 665 487 748 potuisti
503 660 654 729 resistere
670 671 797 730 sanctas
814 666 904 730 illius
917 669 1069 750 parentis
1081 668 1233 753 imperio,
1247 678 1294 765 et,

189 767 315 832 invitas
330 769 421 845 licet,
437 767 593 851 paruisti,
610 774 644 831 et
660 775 693 830 te
709 767 776 830 illis
792 767 930 850 vigiliis,
942 769 1078 854 illisque
1094 773 1193 846 curis,
1207 791 1293 856 quas

190 869 310 951 viginti
334 870 432 935 annis
462 877 621 953 expertus
640 869 764 943 sacras,
791 870 982 936 reddidisti.
1025 874 1057 937 7.
1081 871 1292 952 Quibusnam

190 980 239 1049 tn,
262 973 397 1037 domina
420 974 575 1055 gentium,
592 977 689 1056 putes
715 990 936 1055 compensare
959 974 1134 1040 beneficiis
1155 976 1222 1041 hoc
1243 978 1293 1041 tui

190 1072 405 1158 Imperatoris
420 1075 641 1158 obsequiuml
672 1075 732 1157 qui
755 1081 851 1138 tantu
867 1095 932 1140 usu
948 1077 1072 1148 scieas,
1087 1084 1233 1160 quantus
1250 1080 1295 1143 sit

188 1174 376 1259 imperandi
391 1178 497 1249 labor,
511 1182 646 1260 propter
662 1183 696 1252 te
717 1196 784 1240 non
805 1179 912 1243 utitur
931 1178 1003 1255 illa,
1019 1198 1120 1264 qnam
1136 1178 1294 1262 degusta·

190 1287 295 1356 verat,
311 1281 500 1364 voluptate,
515 1288 712 1362 tantumque
733 1279 928 1363 reipublicae
951 1301 1039 1347 onus
1057 1283 1200 1367 suscipit
1215 1289 1294 1365 post

189 1383 345 1465 quietem.
388 1382 420 1448 8.
443 1383 597 1447 Facilius
612 1382 722 1446 iuerat
734 1381 860 1466 jugiter
881 1385 1113 1468 imperassem
1133 1385 1292 1470 quamvis

187 1484 275 1548 enim
299 1505 455 1568 magnum
474 1484 627 1549 laborem
647 1486 861 1551 consuetudo
882 1506 950 1551 nun
968 1487 1080 1566 sentit,
1095 1486 1292 1552 intermissa

189 1584 382 1651 desiderant
395 1607 501 1652 novas
512 1588 624 1654 vires.t
648 1647 650 1650 t

233 1687 324 1753 Gar.
341 1705 414 1753 xrr.
446 1689 478 1753 1.
502 1687 642 1768 Quanta
664 1711 752 1775 opus
769 1691 833 1755 fait
856 1689 931 1770 tibi,
954 1691 1144 1774 Imperator
1158 1699 1291 1771 aterne,

188 1792 412 1874 providentia,
442 1802 570 1876 quanta
599 1796 817 1870 auctoritate,
850 1799 886 1859 nt
913 1794 1067 1859 subsidia
1095 1795 1294 1879 reipublicae
1322 1859 1325 1863 ,

182 1891 335 1975 jacentia
356 1896 512 1979 erigeres,
528 1899 722 1963 exanimata
737 1916 918 1973 recreares,
932 1895 1070 1980 dilapsa
1084 1898 1292 1980 colligeresl

186 1994 219 2063 2.
245 1997 452 2065 Mirabamur
465 2006 497 2064 te
512 1997 590 2082 post
605 2001 780 2084 imperium
795 2019 872 2064 esse
889 2000 1077 2083 privatum:
1099 2002 1206 2066 multa
1220 2021 1292 2081 mas

188 2105 240 2186 gis
260 2102 377 2166 mirum
399 2107 462 2179 est,
483 2103 659 2184 imperium
675 2102 859 2186 ferrepust
874 2101 990 2166 otium.
1033 2102 1066 2166 3.
1088 2102 1192 2168 Salas
1213 2103 1290 2182 hac,

188 2215 226 2269 ut
250 2205 384 2281 dicitur,
408 2206 519 2287 potuit
539 2203 634 2268 Deus
657 2205 743 2285 ille,t
769 2204 868 2290 cujus
889 2203 978 2269 dona
997 2211 1087 2283 sunt,
1104 2204 1194 2288 quud
1207 2206 1290 2271 viri·

220 2336 234 2371 ὅ
250 2338 358 2388 Facilius
366 2337 456 2395 suisset
466 2336 518 2385 eine
527 2338 577 2386 ulla
587 2337 763 2389 intermissione
773 2338 896 2402 imperium
906 2338 1019 2387 tenuisse.

220 2411 230 2435 ‘
246 2403 276 2452 Si
287 2407 365 2452 tamea
377 2406 412 2452 est
423 2403 504 2465 aliqua
516 2403 670 2468 intermissio,
681 2419 747 2454 aava
757 2407 823 2455 atres
832 2403 971 2453 adiimnda
981 2406 1046 2452 sant.
1099 2467 1100 2472 ¹

648 2546 830 2567 ΟΜΜΙΜΟ

186 2647 327 2708 «lagen-⁵
347 2645 380 2707 0,
390 2644 522 2708 imperatur
535 2644 594 2694 edd.
605 2650 669 2696 vett.
693 2645 808 2696 calestem
817 2644 935 2695 inserant
944 2646 1005 2695 Vet.
1014 2644 1198 2695 Puteanvet.
1207 2646 1291 2696 Livia.

185 2711 300 2773 Gaetula.
311 2711 411 2759 Berlin.
425 2711 533 2773 cuspin.
544 2711 623 2761 Grut.
635 2719 663 2760 et
674 2718 785 2760 reeenrt.
802 2724 816 2756 a
826 2711 939 2774 pietatem
947 2715 1013 2760 tuam
1028 2710 1144 2760 Rhenaa.
1155 2711 1190 2759 H.
1198 2712 1292 2776 Steplr.

186 2785 215 2827 et
227 2777 361 2826 {lirim-d
378 2775 491 2837 Grrelph.
506 2784 534 2825 et
548 2777 635 2826 Meu.
654 2777 758 2825 invictus
768 2776 833 2823 licet.
850 2776 958 2837 Caspia.
971 2776 1000 2824 X
1001 2774 1036 2823 X.
1047 2776 1125 2824 anais.
1151 2775 1194 2825 Cf.
1212 2791 1291 2842 supra

187 2855 251 2892 vrrr.
263 2845 336 2891 8·—‘l
354 2842 441 2891 Moerl.
453 2855 512 2890 anus
522 2842 683 2905 suscepit-8
701 2840 781 2895 ‘Alit
792 2846 906 2901 quantuni
916 2841 954 2889 air
964 2838 1044 2888 enim.'
1064 2839 1182 2891 Rhenan.

219 2908 287 2956 Cra.
298 2920 352 2956 xrr.
382 2911 392 2954 1
408 2907 460 2955 Pro
470 2907 583 2967 subsidia,
592 2905 695 2956 Acidal.
705 2906 756 2967 legi
763 2906 851 2968 jubet,
861 2906 1015 2955 subsidentia.
1044 2904 1112 2953 Vide
1125 2905 1201 2955 tht.
1214 2904 1293 2954 Varr-

178 2970 288 3031 jaeentn'a
303 2972 376 3020 deest
398 2973 423 3020 ia
440 2971 554 3033 Guelph.
573 2980 601 3020 et
620 2971 680 3020 edd.
698 2981 759 3020 aute
777 2969 905 3019 Gran-2
923 2971 1040 3019 Rhenum
1061 2969 1096 3017 Η.
1112 2976 1139 3018 et
1152 2970 1185 3018 P.
1196 2969 1295 3033 steph.

187 3037 272 3085 Ririn.
285 3037 318 3083 al.
333 3042 397 3084 vett.
414 3042 468 3099 past
482 3039 548 3093 atia,·
564 3037 624 3086 Vet.
646 3037 732 3086 Lirin.
751 3035 853 3085 Bestia.
873 3035 987 3097 Grrelplr.
1005 3033 1110 3096 Caspia.
1132 3039 1188 3097 past
1205 3036 1290 3086 otiam.

185 3101 342 3152 ‘Quietem'
359 3101 436 3159 dixit,
449 3114 488 3149 xr.
500 3104 573 3150 7.--3
591 3101 678 3150 Ririn.
694 3108 722 3150 et
740 3100 800 3149 edd.
819 3108 883 3149 vett.
899 3101 967 3161 cujus
984 3098 1186 3163 dana,·Gnelplr.
1203 3099 1292 3150 Moeri.

185 3166 244 3216 Vel.
255 3166 364 3215 Putean.
376 3166 463 3214 Vatic.
475 3165 575 3215 Berlin.
588 3167 654 3216 Erre.
667 3167 748 3226 hang.
759 3165 863 3227 cuspin.
876 3165 954 3215 Grai.
968 3165 1051 3213 Paris.
1063 3165 1179 3213 Petaral.
1191 3163 1288 3216 Cellsr.

185 3238 213 3281 et
226 3237 335 3280 recente.
353 3231 419 3291 cujus
434 3233 504 3278 dana.
537 3231 613 3294 Max,
628 3234 651 3280 et
671 3232 776 3280 videmus
794 3232 880 3280 omisit
896 3230 983 3279 Lirin.
1001 3243 1066 3291 qaas
1077 3243 1135 3278 rac.
1146 3238 1235 3278 tamea
1246 3230 1293 3278 hen

185 3296 248 3346 irent
260 3296 372 3359 Guelph.
383 3297 445 3345 Vet.
458 3296 540 3344 Liria.
553 3297 660 3358 Caspia.
674 3298 791 3346 Rhenan.
803 3297 836 3343 al.
848 3295 974 3360 probante
986 3295 1095 3344 Ritters.
1123 3295 1229 3343 Desunt
1240 3293 1291 3344 eti·

185 3376 225 3410 am
239 3363 264 3410 iu
277 3363 378 3410 Berlin.
390 3368 418 3411 et
430 3362 511 3424 Lang.
539 3361 592 3410 Pro
602 3366 704 3421 nectare,
715 3362 841 3423 Bangars.
860 3361 929 3423 conj.
941 3366 1039 3408 rectore.
1068 3357 1135 3407 Edd.
1156 3367 1223 3408 vett.
1239 3366 1290 3408 tur·

185 3427 247 3476 data
260 3427 443 3489 tranquilitatis.
460 3429 467 3454 ‘
481 3425 589 3487 Caspia.
601 3427 682 3475 Rhea.
694 3427 785 3489 Steplr.
798 3427 857 3475 Vet.
871 3426 953 3474 Lirin.
964 3422 1034 3475 uua.
1047 3438 1076 3472 ac
1088 3423 1292 3487 Moerl.habeut,

183 3506 277 3545 cursum
299 3492 365 3540 decia
384 3495 476 3541 nectare
496 3491 626 3548 tardatum,
647 3491 740 3539 omissa
760 3505 823 3539 voce
849 3489 1042 3552 tranquillitatis.
1069 3488 1159 3538 Malim
1181 3503 1288 3539 currum

185 3557 324 3622 Vulgarum
339 3557 461 3604 exhibent
480 3563 566 3605 textas
578 3557 698 3615 Livineii,
710 3556 788 3606 Grut.
801 3556 882 3604 Paris.
893 3555 953 3606 Pat.
963 3563 990 3604 et
1002 3552 1068 3602 Cell.
1084 3554 1177 3602 Cursus
1187 3554 1297 3604 tardata*

184 3621 368 3687 tranquillitatis
378 3621 474 3670 dicitur
486 3635 533 3682 pra
552 3623 644 3670 ‘aaran
663 3621 857 3685 tranquillitatis
870 3617 993 3674 turbata,'
1012 3626 1040 3666 ut
1052 3617 1119 3681 apud
1133 3619 1189 3666 Cic.
1199 3619 1233 3667 sd
1246 3619 1290 3668 Di·

185 3702 253 3738 νοτε.
273 3701 322 3739 xv.
340 3691 365 3736 2.
383 3691 424 3736 11.
440 3685 556 3735 ‘indicia
573 3685 769 3740 manifestarum
790 3684 956 3736 insidiarnm'
974 3698 1020 3744 pra
1039 3682 1136 3732 indicis
1153 3682 1290 3732 manifesta

184 3753 348 3813 insidiarum,
360 3753 392 3803 ad
404 3766 479 3817 quem
491 3753 575 3802 lacum
593 3751 644 3803 rid.
661 3753 734 3803 Cart.
746 3753 859 3817 itemque
874 3749 901 3800 S.
919 3751 952 3800 V.
965 3750 1069 3800 Ernesti
1081 3749 1192 3798 Excurs.
1203 3761 1244 3801 rx.
1256 3749 1288 3799 ed

685 3879 792 3930 NO'l'AE

217 3981 316 4032 ‘Deus
331 3979 384 4045 iile]
403 3977 555 4031 Maximiani
573 3984 601 4036 et
614 3978 715 4042 Apolli·
756 3977 837 4027 beaau
858 3990 967 4026 neeesse
989 3973 1080 4024 habirit
1104 3987 1205 4022 rursum
1228 3973 1291 4046 diri·vv

185 4058 225 4109 nis
243 4058 404 4122 comparatio
421 4056 560 4106 adtnadum
574 4057 717 4120 ingeniosa.
757 4068 830 4118 aare,
848 4060 878 4103 ut
899 4065 988 4116 pacem
1008 4051 1115 4102 turbata
1133 4050 1230 4101 munda
1249 4064 1290 4100 re·

185 4132 213 4184 Is
235 4133 303 4183 enim
326 4133 441 4192 relictas,
459 4138 487 4181 et
510 4130 586 4180 derio
607 4132 717 4196 rectori,
756 4129 847 4182 ferret·
914 4191 916 4194 .

184 4223 278 4274 nempe
290 4207 454 4272 Phaitirouti,
466 4207 532 4258 male
543 4206 657 4259 ereditas
670 4208 714 4262 lra-
