2730 4726
485 320 577 370 vrrs
604 322 785 370 nurrnurr.
1101 308 1185 373 1231

83 465 192 532 liturlo
217 465 308 549 styli,
324 472 359 528 et
384 464 474 547 quod
500 464 542 529 de
568 465 781 530 institutione
805 484 994 548 puerorum,
1018 476 1053 533 et
1073 469 1186 535 officio

83 568 247 634 Palatino
272 568 403 650 passim
426 568 538 632 habet.
584 569 768 651 Septimus,
795 588 892 652 quem
917 570 996 634 item
1016 572 1186 652 Treueris,

83 671 137 735 die
151 670 225 754 ejus
240 671 334 734 urbis
349 670 453 733 natali
469 688 568 747 auno,
590 668 714 733 Christi
733 671 808 734 310.
829 689 940 734 coram
965 671 1187 740 Constantino

83 773 185 847 dixit,
204 772 305 856 paulo
327 780 406 854 post
421 772 498 855 ejus
514 772 657 849 natales,
673 773 742 855 qui,
760 773 848 837 sieut
862 780 915 837 est
929 775 962 839 in
980 773 1188 842 Kalendario

83 888 196 942 vetere
213 875 302 958 apud
320 874 536 952 Bucherium,
551 876 583 938 in
607 878 737 941 tertium
761 874 841 940 Kal.
861 876 962 941 Mart.
984 878 1187 952 incidebant.

84 979 127 1043 In
143 978 209 1042 fine
224 977 324 1062 hujus
340 979 500 1042 orationis
521 978 753 1061 imperatorem
774 979 898 1043 invitat
912 980 1118 1046 AEduensem
1135 1004 1188 1047 ur-

83 1083 164 1146 bem
180 1081 294 1145 veuire
310 1098 352 1144 ne
367 1087 530 1161 gravetur.
575 1078 730 1163 Cumque
744 1099 830 1144 anno
847 1084 995 1163 sequenti
1011 1084 1190 1167 imperator

85 1204 161 1249 eam
177 1185 295 1248 urbem
310 1185 483 1264 ingressus
500 1181 628 1247 restitui
645 1182 779 1264 publiea
801 1181 949 1247 aedificia
966 1184 1140 1267 jussisset,
1155 1194 1190 1253 et

84 1289 178 1353 cives
195 1287 392 1350 tributorum
408 1283 606 1348 remissione
627 1282 855 1360 sublevasset,
870 1284 1059 1351 AEdueuses
1075 1290 1188 1372 ipsum

84 1388 302 1463 Eumeninm,
319 1386 417 1469 eujus
428 1384 626 1469 eloquentiae
639 1384 806 1465 singulare
816 1385 979 1470 principis
991 1388 1189 1456 beneficium

86 1497 265 1573 acceptum
281 1488 478 1564 referebant,
494 1487 608 1553 statim
626 1487 667 1551 ad
685 1487 917 1570 imperatorem
938 1489 1090 1571 legarunt
1109 1493 1189 1559 Tre-

85 1611 199 1667 veros,
213 1593 271 1655 nbi
288 1592 321 1654 in
339 1591 461 1655 celebri
477 1591 661 1671 legatorum
684 1598 786 1666 coetu,
810 1591 867 1673 qui
892 1610 932 1655 eo
957 1593 1189 1679 undecumque

87 1695 129 1760 ad
150 1693 412 1776 quinquennalia
432 1692 595 1776 principis
617 1693 821 1758 celebranda
843 1703 1009 1770 venerant,
1034 1696 1189 1763 Flavien-

85 1799 176 1862 sium
200 1797 331 1859 nomine
357 1793 578 1860 Constantino
600 1797 724 1879 gratias
745 1800 889 1867 aelurus,
905 1804 1061 1862 octavum
1080 1801 1189 1866 Pane-

85 1901 234 1984 gyricum
251 1896 380 1963 habuit.
