2730 4726
140 317 226 384 1492
640 340 729 390 vrrs

138 482 313 566 tiuopolim
343 488 512 547 evocatur.
556 483 596 547 Iu
625 483 691 549 hac
720 488 824 552 totius
852 493 1012 555 terrarum
1041 492 1138 558 orbis
1164 497 1237 562 luce

137 585 305 662 Nicoclis,
327 584 574 651 Lacedaemonii
596 590 817 669 grammatici,
839 600 873 655 et
894 591 1051 659 Eceholii
1073 597 1237 680 sophistae

137 707 240 772 opera
254 689 352 752 trium
369 689 498 753 circiter
513 709 672 755 annornm
694 693 807 774 spatio
831 693 917 760 adeo
942 697 1099 779 profecit,
1116 709 1155 765 ut
1170 703 1236 766 ido·
1268 718 1281 753 ἰ

135 813 218 858 neus
240 790 386 875 regendo
408 793 547 874 imperio
568 795 681 876 palam
697 795 869 862 diceretur.
915 797 1043 877 Quare
1059 804 1237 868 conturba-

136 906 193 961 tus
207 894 436 971 Constantius,
450 913 492 958 ue
508 896 588 980 qnid
604 899 771 962 turbarum
793 899 868 982 ejus
890 903 1071 968 occasione
1096 905 1133 968 iu
1159 909 1237 971 urbe

136 997 270 1082 imperii
293 997 451 1081 primaria
473 999 690 1077 excitaretur,
704 1001 727 1065 J
730 1001 879 1066 uliauum
895 1022 1002 1087 ocyus
1017 1009 1235 1091 commigrare

129 1102 238 1186 jubet.

230 1278 273 1345 A.
289 1278 333 1344 U.
348 1278 387 1344 c.
405 1294 483 1342 ner.
514 1276 637 1342 Christi
659 1294 866 1345 cccxnvrn.
897 1280 1090 1347 constantii
1106 1291 1144 1347 et

430 1379 624 1445 Constantis
640 1377 747 1463 Augg.
764 1380 850 1464 Imp.
867 1397 939 1447 xii.

177 1518 377 1583 Constantio
401 1515 489 1598 Aug.
520 1516 684 1579 adversus
713 1516 839 1581 Persas
868 1525 1051 1601 occupato,
1077 1519 1233 1585 Julianus

133 1620 344 1687 Nicomediae
362 1617 514 1682 Eusebio
529 1618 628 1702 hujus
644 1618 789 1682 civitatis
814 1619 977 1704 episcopo
993 1619 1126 1686 Ariauo
1150 1621 1237 1689 affini

133 1746 196 1790 suo
211 1722 440 1789 instituendus
456 1721 607 1786 traditur.
652 1722 848 1786 Prohibitus
864 1741 944 1787 vero
966 1742 1008 1788 ne
1032 1724 1075 1788 ad
1100 1725 1235 1792 Libani·

132 1847 200 1903 um,
216 1826 398 1909 sophistam
422 1825 589 1907 gentilitiae
611 1824 862 1907 superstitionis
880 1823 1091 1889 defensorem
1115 1830 1253 1893 acerri·'

130 1951 233 2009 mum,
249 1951 285 1994 se
301 1930 497 2015 applicaret,
514 1928 656 2012 primum
678 1928 711 1991 in
732 1927 805 2009 ejus
826 1928 1017 1993 lectitandis
1038 1929 1139 1996 libris
1152 1933 1235 1997 clam

132 2041 221 2099 totus
235 2040 305 2098 est:
328 2040 397 2097 tum
413 2031 525 2096 factus
540 2032 603 2095 hac
616 2030 763 2094 lectione
787 2029 945 2095 audacior
967 2036 1001 2095 et
1022 2035 1234 2116 superstitio-

131 2137 185 2200 nis
208 2136 364 2218 cupidior
379 2134 422 2199 ad
438 2154 514 2198 eum
530 2153 567 2197 se
582 2131 712 2198 confert
733 2133 859 2215 palam.
904 2131 1054 2199 Veniunt
1071 2135 1171 2202 illico
1193 2137 1233 2203 ad

131 2259 206 2304 eum
220 2239 243 2303 J
245 2238 410 2302 amblinus
424 2245 459 2301 et
474 2236 650 2300 Maximus
664 2234 811 2317 insigues
826 2236 926 2317 magi,
941 2237 1000 2320 qui
1009 2236 1082 2320 J'am
1100 2259 1144 2304 eo
1158 2242 1233 2324 plus
1250 2252 1255 2256 ·

130 2362 229 2424 aequo
245 2359 449 2424 propensum
466 2338 595 2403 Juliaui
617 2338 763 2401 animum
785 2339 835 2402 ita
856 2339 928 2402 suis
951 2341 1137 2423 praestigiis
1153 2343 1233 2407 deli·

128 2447 234 2522 niunt,
250 2455 288 2507 ut
303 2444 346 2507 ab
361 2442 475 2507 eorum
490 2443 593 2505 latere
609 2461 676 2504 uon
691 2441 891 2505 discederet.
935 2440 1097 2524 Inprimis
1122 2445 1232 2510 Maxi·

128 2568 183 2612 mo
199 2545 496 2628 delectatus‚quod
512 2565 607 2630 spem
621 2545 652 2608 ei
668 2545 840 2629 injecisset
855 2545 997 2627 imperii.
1033 2544 1076 2610 Id
1093 2549 1231 2614 relatum

130 2657 183 2716 est
198 2650 240 2715 ad
255 2649 507 2714 Constantium:
524 2647 617 2730 quud
633 2648 692 2711 ubi
707 2648 811 2711 sensit
825 2646 993 2724 Julianus,
1008 2647 1095 2712 iuter
1109 2642 1231 2716 metum

130 2765 165 2819 et
186 2773 279 2838 spem
297 2753 438 2836 positus,
457 2751 568 2834 capite
592 2758 703 2825 tonso,
719 2756 757 2813 ut
773 2749 920 2814 alienum
942 2750 986 2815 ab
1000 2751 1232 2840 imperioaui-¹

129 2875 221 2922 mum
246 2854 460 2938 significaret,
480 2855 583 2918 vitam
605 2853 826 2916 monasticam
854 2852 1037 2932 simulavit,
1062 2861 1098 2920 et
1121 2856 1159 2920 iu
1180 2877 1229 2922 ec·

130 2962 234 3025 clesia
263 2956 514 3023 Nicomediensi
537 2956 642 3019 lector
667 2955 861 3037 designatus
884 2961 948 3019 est.

171 3155 214 3220 A.
232 3158 276 3223 U.
295 3158 333 3222 C.
351 3173 456 3221 noir.
501 3155 627 3219 Christi
643 3171 762 3218 eccur.
806 3154 995 3219 coustantii
1008 3153 1101 3238 Aug.
1124 3172 1189 3222 xv.
1217 3214 1221 3221 .

171 3284 290 3348 Gallus
312 3285 335 3349 J
338 3285 443 3348 uliani
465 3284 562 3347 irater
576 3282 694 3349 Caesar
715 3281 753 3347 lit
774 3281 890 3345 Idibus
914 3279 1059 3359 Martiis,
1084 3289 1121 3348 et
1143 3283 1228 3349 Gon·

128 3389 268 3450 stantius
284 3386 405 3451 Gallus
428 3387 625 3470 appellatur.
670 3384 775 3462 Huic,
791 3403 867 3448 cum
886 3389 959 3447 tota
974 3381 1124 3450 Orientis
1144 3406 1227 3470 prae-

126 3489 264 3568 sectura,
291 3490 488 3554 Constantia
514 3490 706 3554 Constantii
736 3507 830 3552 soror
858 3489 892 3552 iu
921 3486 1096 3572 conjugem
1124 3491 1228 3555 datur.

127 3592 265 3656 Interim
281 3611 357 3656 cum
372 3591 395 3656 J
398 3592 529 3655 olianus
546 3589 727 3656 evocandis
743 3590 953 3656 daemonibus
969 3596 1003 3654 et
1019 3594 1180 3673 spectris,
1191 3611 1228 3657 ac

127 3696 312 3760 belluarum
342 3696 527 3759 visceribus
556 3694 813 3780 perscrutandis,
844 3693 989 3776 aliisque
1022 3690 1227 3760 hariolorum

127 3799 299 3882 mysteriis
315 3798 349 3861 in
365 3797 437 3863 dies
452 3799 559 3880 magis
578 3818 618 3863 ac
638 3797 745 3890 magis
762 3796 958 3876 duceretur3
982 3794 1102 3861 relicta
1123 3797 1160 3862 N
1162 3799 1227 3863 ico-

127 3902 249 3980 media,
262 3900 358 3966 Asiae
374 3901 522 3985 reliquas
537 3908 650 3986 partes
662 3898 832 3977 lustravit,
845 3897 988 3979 magicae
1003 3898 1227 3980 professionis

126 4003 288 4082 homines,
311 4001 468 4090 quesibi
491 4024 601 4069 rumor
623 4009 694 4096 prat
719 4021 794 4066 esse
821 4001 994 4086 plurimos,
1014 4003 1226 4084 quaesiturus.

127 4104 180 4169 Ac
197 4108 338 4190 primum
355 4107 500 4185 Ioniam,
513 4113 585 4171 tum
600 4107 655 4170 bis
674 4105 761 4170 intra
781 4123 912 4169 menses
925 4103 1012 4168 duos
1035 4102 1227 4190 Phrygiam,

128 4211 280 4292 quamvis
304 4230 348 4275 ex
370 4211 486 4276 morbo
506 4211 550 4276 ob
574 4211 727 4276 itinerum
746 4208 898 4276 lahorem
923 4211 1101 4274 contracto
1127 4211 1225 4295 plaue
