<?xml version="1.0" encoding="UTF-8"?>
<!DOCTYPE html PUBLIC "-//W3C//DTD XHTML 1.0 Transitional//EN"
    "http://www.w3.org/TR/xhtml1/DTD/xhtml1-transitional.dtd">
<html xmlns="http://www.w3.org/1999/xhtml" xml:lang="en" lang="en">
 <head>
  <title>
</title>
<meta http-equiv="Content-Type" content="text/html;charset=utf-8" />
  <meta name='ocr-system' content='tesseract 3.04.00' />
  <meta name='ocr-capabilities' content='ocr_page ocr_carea ocr_par ocr_line ocrx_word'/>
</head>
<body>
  <div class='ocr_page' id='page_1' title='image "./panegyriciveter01baungoog_0101.png"; bbox 0 0 2730 4726; ppageno 0'>
   <div class='ocr_carea' id='block_1_1' title="bbox 195 331 1064 398">
    <p class='ocr_par' dir='ltr' id='par_1_1' title="bbox 195 331 1064 398">
     <span class='ocr_line' id='line_1_1' title="bbox 195 331 1064 398; baseline 0 -2"><span class='ocrx_word' id='word_1_1' title='bbox 195 331 282 398; x_wconf 82' lang='grc'>1188</span> <span class='ocrx_word' id='word_1_2' title='bbox 426 345 459 396; x_wconf 91' lang='lat' dir='ltr'><strong>c.</strong></span> <span class='ocrx_word' id='word_1_3' title='bbox 474 347 516 395; x_wconf 81' lang='lat' dir='ltr'><strong>n.</strong></span> <span class='ocrx_word' id='word_1_4' title='bbox 540 346 751 396; x_wconf 78' lang='lat' dir='ltr'><strong>scamnazrr</strong></span> <span class='ocrx_word' id='word_1_5' title='bbox 777 345 1064 398; x_wconf 76' lang='lat' dir='ltr'><strong>enonacorrmvs</strong></span> 
     </span>
    </p>
   </div>
   <div class='ocr_carea' id='block_1_2' title="bbox 188 480 1342 2506">
    <p class='ocr_par' dir='ltr' id='par_1_2' title="bbox 188 480 1342 2506">
     <span class='ocr_line' id='line_1_2' title="bbox 196 480 1300 572; baseline 0.002 -18"><span class='ocrx_word' id='word_1_6' title='bbox 196 487 339 572; x_wconf 85' lang='lat' dir='ltr'><strong>speciali</strong></span> <span class='ocrx_word' id='word_1_7' title='bbox 356 480 558 554; x_wconf 81' lang='lat' dir='ltr'><strong>Diocletiani</strong></span> <span class='ocrx_word' id='word_1_8' title='bbox 572 507 655 560; x_wconf 90' lang='lat' dir='ltr'><strong>cura</strong></span> <span class='ocrx_word' id='word_1_9' title='bbox 668 494 770 567; x_wconf 86' lang='lat' dir='ltr'><strong>eraut,</strong></span> <span class='ocrx_word' id='word_1_10' title='bbox 782 488 965 572; x_wconf 90' lang='lat' dir='ltr'><strong>inquisitos</strong></span> <span class='ocrx_word' id='word_1_11' title='bbox 979 491 1096 554; x_wconf 87' lang='lat' dir='ltr'><strong>fuisse.</strong></span> <span class='ocrx_word' id='word_1_12' title='bbox 1126 502 1128 506; x_wconf 77' lang='grc'>’</span> <span class='ocrx_word' id='word_1_13' title='bbox 1145 490 1255 569; x_wconf 86' lang='lat' dir='ltr'>Unde,</span> <span class='ocrx_word' id='word_1_14' title='bbox 1271 491 1300 556; x_wconf 89' lang='lat' dir='ltr'><strong>si</strong></span> 
     </span>
     <span class='ocr_line' id='line_1_3' title="bbox 195 590 1342 674; baseline 0.002 -19"><span class='ocrx_word' id='word_1_15' title='bbox 195 597 274 656; x_wconf 88' lang='lat' dir='ltr'><strong>tunc</strong></span> <span class='ocrx_word' id='word_1_16' title='bbox 289 592 446 674; x_wconf 85' lang='lat' dir='ltr'><strong>martyria</strong></span> <span class='ocrx_word' id='word_1_17' title='bbox 460 591 591 674; x_wconf 80' lang='lat' dir='ltr'><strong>aliquot</strong></span> <span class='ocrx_word' id='word_1_18' title='bbox 605 590 707 667; x_wconf 84' lang='lat' dir='ltr'><strong>fuere,</strong></span> <span class='ocrx_word' id='word_1_19' title='bbox 725 595 781 654; x_wconf 87' lang='lat' dir='ltr'><strong>aut</strong></span> <span class='ocrx_word' id='word_1_20' title='bbox 796 599 944 656; x_wconf 88' lang='lat' dir='ltr'><strong>veterum</strong></span> <span class='ocrx_word' id='word_1_21' title='bbox 957 590 1069 673; x_wconf 84' lang='lat' dir='ltr'><strong>legum</strong></span> <span class='ocrx_word' id='word_1_22' title='bbox 1084 595 1299 670; x_wconf 84' lang='lat' dir='ltr'><strong>auctoritate,</strong></span> <span class='ocrx_word' id='word_1_23' title='bbox 1335 643 1342 662; x_wconf 73' lang='lat'><strong>,</strong></span> 
     </span>
     <span class='ocr_line' id='line_1_4' title="bbox 196 692 1300 781; baseline 0 -22"><span class='ocrx_word' id='word_1_24' title='bbox 196 699 255 759; x_wconf 78' lang='lat' dir='ltr'><strong>aut</strong></span> <span class='ocrx_word' id='word_1_25' title='bbox 268 712 312 757; x_wconf 87' lang='lat' dir='ltr'><strong>ex</strong></span> <span class='ocrx_word' id='word_1_26' title='bbox 323 693 502 775; x_wconf 77' lang='lat' dir='ltr'><strong>praesidum</strong></span> <span class='ocrx_word' id='word_1_27' title='bbox 515 693 725 774; x_wconf 88' lang='lat' dir='ltr'><strong>ingenio,vel</strong></span> <span class='ocrx_word' id='word_1_28' title='bbox 739 693 808 757; x_wconf 88' lang='lat' dir='ltr'><strong>alia</strong></span> <span class='ocrx_word' id='word_1_29' title='bbox 822 692 943 777; x_wconf 88' lang='lat' dir='ltr'><strong>quavis</strong></span> <span class='ocrx_word' id='word_1_30' title='bbox 959 695 1154 772; x_wconf 81' lang='lat' dir='ltr'><strong>occasione,</strong></span> <span class='ocrx_word' id='word_1_31' title='bbox 1170 697 1300 781; x_wconf 85' lang='lat' dir='ltr'><strong>absque</strong></span> 
     </span>
     <span class='ocr_line' id='line_1_5' title="bbox 195 794 1299 879; baseline -0.001 -18"><span class='ocrx_word' id='word_1_32' title='bbox 195 796 315 861; x_wconf 83' lang='lat' dir='ltr'><strong>edictis</strong></span> <span class='ocrx_word' id='word_1_33' title='bbox 329 801 459 879; x_wconf 86' lang='lat' dir='ltr'><strong>patrata</strong></span> <span class='ocrx_word' id='word_1_34' title='bbox 473 802 562 859; x_wconf 88' lang='lat' dir='ltr'><strong>sunt.</strong></span> <span class='ocrx_word' id='word_1_35' title='bbox 608 794 860 860; x_wconf 90' lang='lat' dir='ltr'><strong>Persecutionis</strong></span> <span class='ocrx_word' id='word_1_36' title='bbox 880 797 1010 861; x_wconf 92' lang='lat' dir='ltr'><strong>initium</strong></span> <span class='ocrx_word' id='word_1_37' title='bbox 1033 813 1299 862; x_wconf 84' lang='lat' dir='ltr'><strong>unnoccxcvrr.</strong></span> 
     </span>
     <span class='ocr_line' id='line_1_6' title="bbox 194 897 1300 981; baseline -0.001 -18"><span class='ocrx_word' id='word_1_38' title='bbox 194 897 384 980; x_wconf 88' lang='lat' dir='ltr'><strong>consignari</strong></span> <span class='ocrx_word' id='word_1_39' title='bbox 414 917 518 980; x_wconf 88' lang='lat' dir='ltr'><strong>posse</strong></span> <span class='ocrx_word' id='word_1_40' title='bbox 552 897 698 974; x_wconf 90' lang='lat' dir='ltr'><strong>videtur,</strong></span> <span class='ocrx_word' id='word_1_41' title='bbox 730 917 797 981; x_wconf 93' lang='lat' dir='ltr'><strong>quo</strong></span> <span class='ocrx_word' id='word_1_42' title='bbox 821 897 1072 974; x_wconf 83' lang='lat' dir='ltr'><strong>Diocletianus,</strong></span> <span class='ocrx_word' id='word_1_43' title='bbox 1092 897 1300 973; x_wconf 76' lang='lat' dir='ltr'><strong>decennalia</strong></span> 
     </span>
     <span class='ocr_line' id='line_1_7' title="bbox 193 999 1299 1084; baseline 0.001 -20"><span class='ocrx_word' id='word_1_44' title='bbox 193 1000 327 1083; x_wconf 91' lang='lat' dir='ltr'><strong>imperii</strong></span> <span class='ocrx_word' id='word_1_45' title='bbox 342 999 397 1064; x_wconf 90' lang='lat' dir='ltr'><strong>sni</strong></span> <span class='ocrx_word' id='word_1_46' title='bbox 418 1000 660 1079; x_wconf 81' lang='lat' dir='ltr'><strong>celebraturus,</strong></span> <span class='ocrx_word' id='word_1_47' title='bbox 676 1021 713 1064; x_wconf 88' lang='lat' dir='ltr'><strong>se</strong></span> <span class='ocrx_word' id='word_1_48' title='bbox 733 1006 769 1064; x_wconf 94' lang='lat' dir='ltr'><strong>ut</strong></span> <span class='ocrx_word' id='word_1_49' title='bbox 784 1000 895 1064; x_wconf 90' lang='lat' dir='ltr'><strong>Deum</strong></span> <span class='ocrx_word' id='word_1_50' title='bbox 912 1000 1041 1066; x_wconf 91' lang='lat' dir='ltr'><strong>adorari</strong></span> <span class='ocrx_word' id='word_1_51' title='bbox 1059 1000 1188 1084; x_wconf 63' lang='lat' dir='ltr'><strong>jussit?</strong></span> <span class='ocrx_word' id='word_1_52' title='bbox 1234 1001 1299 1076; x_wconf 89' lang='lat' dir='ltr'><strong>Sed</strong></span> 
     </span>
     <span class='ocr_line' id='line_1_8' title="bbox 193 1102 1300 1186; baseline 0.001 -19"><span class='ocrx_word' id='word_1_53' title='bbox 193 1109 230 1167; x_wconf 87' lang='lat' dir='ltr'><strong>et</strong></span> <span class='ocrx_word' id='word_1_54' title='bbox 256 1102 314 1167; x_wconf 88' lang='lat' dir='ltr'><strong>alii</strong></span> <span class='ocrx_word' id='word_1_55' title='bbox 339 1102 521 1184; x_wconf 89' lang='lat' dir='ltr'><strong>scriptores</strong></span> <span class='ocrx_word' id='word_1_56' title='bbox 548 1102 680 1186; x_wconf 87' lang='lat' dir='ltr'><strong>profani</strong></span> <span class='ocrx_word' id='word_1_57' title='bbox 709 1122 776 1166; x_wconf 92' lang='lat' dir='ltr'><strong>non</strong></span> <span class='ocrx_word' id='word_1_58' title='bbox 802 1102 904 1167; x_wconf 83' lang='lat' dir='ltr'><strong>facile</strong></span> <span class='ocrx_word' id='word_1_59' title='bbox 930 1102 972 1166; x_wconf 89' lang='lat' dir='ltr'><strong>de</strong></span> <span class='ocrx_word' id='word_1_60' title='bbox 997 1104 1062 1167; x_wconf 91' lang='lat' dir='ltr'><strong>ista</strong></span> <span class='ocrx_word' id='word_1_61' title='bbox 1086 1102 1300 1169; x_wconf 89' lang='lat' dir='ltr'><strong>Diocletiana</strong></span> 
     </span>
     <span class='ocr_line' id='line_1_9' title="bbox 194 1203 1299 1287; baseline 0.001 -18"><span class='ocrx_word' id='word_1_62' title='bbox 194 1203 461 1269; x_wconf 85' lang='lat' dir='ltr'><strong>Christianorum</strong></span> <span class='ocrx_word' id='word_1_63' title='bbox 484 1206 715 1287; x_wconf 88' lang='lat' dir='ltr'><strong>persecutione</strong></span> <span class='ocrx_word' id='word_1_64' title='bbox 744 1204 876 1287; x_wconf 87' lang='lat' dir='ltr'><strong>aliquid</strong></span> <span class='ocrx_word' id='word_1_65' title='bbox 899 1204 1053 1281; x_wconf 81' lang='lat' dir='ltr'><strong>referunt,</strong></span> <span class='ocrx_word' id='word_1_66' title='bbox 1079 1210 1115 1268; x_wconf 91' lang='lat' dir='ltr'><strong>nt</strong></span> <span class='ocrx_word' id='word_1_67' title='bbox 1136 1206 1299 1280; x_wconf 85' lang='lat' dir='ltr'><strong>nesciam,</strong></span> 
     </span>
     <span class='ocr_line' id='line_1_10' title="bbox 193 1305 1300 1390; baseline 0.003 -21"><span class='ocrx_word' id='word_1_68' title='bbox 193 1323 236 1369; x_wconf 88' lang='lat' dir='ltr'><strong>an</strong></span> <span class='ocrx_word' id='word_1_69' title='bbox 252 1305 400 1375; x_wconf 76' lang='lat' dir='ltr'><strong>¹fortasse</strong></span> <span class='ocrx_word' id='word_1_70' title='bbox 421 1305 488 1388; x_wconf 93' lang='lat' dir='ltr'><strong>ipsi</strong></span> <span class='ocrx_word' id='word_1_71' title='bbox 509 1311 740 1387; x_wconf 86' lang='lat' dir='ltr'><strong>argumentum</strong></span> <span class='ocrx_word' id='word_1_72' title='bbox 764 1305 829 1369; x_wconf 92' lang='lat' dir='ltr'><strong>hoc</strong></span> <span class='ocrx_word' id='word_1_73' title='bbox 846 1325 912 1369; x_wconf 91' lang='lat' dir='ltr'><strong>non</strong></span> <span class='ocrx_word' id='word_1_74' title='bbox 931 1306 1015 1370; x_wconf 89' lang='lat' dir='ltr'><strong>satis</strong></span> <span class='ocrx_word' id='word_1_75' title='bbox 1037 1306 1171 1390; x_wconf 88' lang='lat' dir='ltr'><strong>dignum</strong></span> <span class='ocrx_word' id='word_1_76' title='bbox 1196 1308 1300 1372; x_wconf 88' lang='lat' dir='ltr'><strong>laude</strong></span> 
     </span>
     <span class='ocr_line' id='line_1_11' title="bbox 193 1404 1300 1490; baseline 0.005 -21"><span class='ocrx_word' id='word_1_77' title='bbox 193 1406 385 1471; x_wconf 85' lang='lat' dir='ltr'><strong>habuerint.</strong></span> <span class='ocrx_word' id='word_1_78' title='bbox 427 1404 475 1470; x_wconf 81' lang='lat' dir='ltr'><strong>At</strong></span> <span class='ocrx_word' id='word_1_79' title='bbox 490 1407 654 1484; x_wconf 90' lang='lat' dir='ltr'><strong>videmus,</strong></span> <span class='ocrx_word' id='word_1_80' title='bbox 671 1407 769 1490; x_wconf 90' lang='lat' dir='ltr'><strong>quem</strong></span> <span class='ocrx_word' id='word_1_81' title='bbox 782 1408 1075 1476; x_wconf 83' lang='lat' dir='ltr'><strong>exitumhabuerit</strong></span> <span class='ocrx_word' id='word_1_82' title='bbox 1089 1409 1156 1472; x_wconf 91' lang='lat' dir='ltr'><strong>ista</strong></span> <span class='ocrx_word' id='word_1_83' title='bbox 1170 1410 1300 1475; x_wconf 89' lang='lat' dir='ltr'><strong>stolida</strong></span> 
     </span>
     <span class='ocr_line' id='line_1_12' title="bbox 188 1507 1301 1593; baseline 0.004 -20"><span class='ocrx_word' id='word_1_84' title='bbox 188 1508 395 1593; x_wconf 88' lang='lat' dir='ltr'><strong>jactantium</strong></span> <span class='ocrx_word' id='word_1_85' title='bbox 416 1509 584 1590; x_wconf 82' lang='lat' dir='ltr'><strong>impietas,</strong></span> <span class='ocrx_word' id='word_1_86' title='bbox 607 1515 667 1571; x_wconf 85' lang='lat' dir='ltr'><strong>‘se</strong></span> <span class='ocrx_word' id='word_1_87' title='bbox 691 1528 810 1572; x_wconf 87' lang='lat' dir='ltr'><strong>nomen</strong></span> <span class='ocrx_word' id='word_1_88' title='bbox 833 1507 1060 1574; x_wconf 85' lang='lat' dir='ltr'><strong>Christianum</strong></span> <span class='ocrx_word' id='word_1_89' title='bbox 1086 1510 1301 1577; x_wconf 54' lang='lat' dir='ltr'><strong>delevisse?</strong></span> 
     </span>
     <span class='ocr_line' id='line_1_13' title="bbox 194 1607 1299 1696; baseline 0.008 -24"><span class='ocrx_word' id='word_1_90' title='bbox 194 1626 270 1672; x_wconf 92' lang='lat' dir='ltr'><strong>cum</strong></span> <span class='ocrx_word' id='word_1_91' title='bbox 297 1607 478 1674; x_wconf 86' lang='lat' dir='ltr'><strong>saevissimi</strong></span> <span class='ocrx_word' id='word_1_92' title='bbox 506 1608 565 1672; x_wconf 92' lang='lat' dir='ltr'><strong>isti</strong></span> <span class='ocrx_word' id='word_1_93' title='bbox 593 1608 744 1672; x_wconf 86' lang='lat' dir='ltr'><strong>homines</strong></span> <span class='ocrx_word' id='word_1_94' title='bbox 766 1609 799 1672; x_wconf 90' lang='lat' dir='ltr'><strong>in</strong></span> <span class='ocrx_word' id='word_1_95' title='bbox 824 1612 958 1674; x_wconf 87' lang='lat' dir='ltr'><strong>aeternis</strong></span> <span class='ocrx_word' id='word_1_96' title='bbox 975 1609 1115 1694; x_wconf 89' lang='lat' dir='ltr'><strong>jaceant</strong></span> <span class='ocrx_word' id='word_1_97' title='bbox 1144 1617 1299 1696; x_wconf 89' lang='lat' dir='ltr'><strong>tenebris,</strong></span> 
     </span>
     <span class='ocr_line' id='line_1_14' title="bbox 195 1709 1301 1793; baseline 0.005 -15"><span class='ocrx_word' id='word_1_98' title='bbox 195 1711 353 1793; x_wconf 85' lang='lat' dir='ltr'><strong>omnique</strong></span> <span class='ocrx_word' id='word_1_99' title='bbox 368 1709 564 1792; x_wconf 87' lang='lat' dir='ltr'><strong>posteritate</strong></span> <span class='ocrx_word' id='word_1_100' title='bbox 580 1729 643 1773; x_wconf 87' lang='lat' dir='ltr'><strong>sua</strong></span> <span class='ocrx_word' id='word_1_101' title='bbox 653 1710 856 1793; x_wconf 90' lang='lat' dir='ltr'><strong>jamdudum</strong></span> <span class='ocrx_word' id='word_1_102' title='bbox 872 1732 915 1777; x_wconf 87' lang='lat' dir='ltr'><strong>ex</strong></span> <span class='ocrx_word' id='word_1_103' title='bbox 934 1714 1015 1778; x_wconf 90' lang='lat' dir='ltr'><strong>orbe</strong></span> <span class='ocrx_word' id='word_1_104' title='bbox 1030 1717 1187 1778; x_wconf 88' lang='lat' dir='ltr'><strong>terrarum</strong></span> <span class='ocrx_word' id='word_1_105' title='bbox 1205 1716 1301 1783; x_wconf 91' lang='lat' dir='ltr'><strong>dele·</strong></span> 
     </span>
     <span class='ocr_line' id='line_1_15' title="bbox 194 1811 1300 1899; baseline 0.007 -23"><span class='ocrx_word' id='word_1_106' title='bbox 194 1821 230 1876; x_wconf 94' lang='lat' dir='ltr'><strong>ta</strong></span> <span class='ocrx_word' id='word_1_107' title='bbox 255 1811 524 1894; x_wconf 83' lang='lat' dir='ltr'><strong>exstirpataqne,</strong></span> <span class='ocrx_word' id='word_1_108' title='bbox 551 1811 632 1875; x_wconf 91' lang='lat' dir='ltr'><strong>nihil</strong></span> <span class='ocrx_word' id='word_1_109' title='bbox 655 1812 861 1895; x_wconf 89' lang='lat' dir='ltr'><strong>reliquerint,</strong></span> <span class='ocrx_word' id='word_1_110' title='bbox 883 1813 951 1878; x_wconf 93' lang='lat' dir='ltr'><strong>nisi</strong></span> <span class='ocrx_word' id='word_1_111' title='bbox 976 1819 1300 1899; x_wconf 84' lang='lat' dir='ltr'><strong>vanequorundam</strong></span> 
     </span>
     <span class='ocr_line' id='line_1_16' title="bbox 194 1912 1301 1989; baseline 0.006 -9"><span class='ocrx_word' id='word_1_112' title='bbox 194 1912 404 1980; x_wconf 86' lang='lat' dir='ltr'><strong>adulantium</strong></span> <span class='ocrx_word' id='word_1_113' title='bbox 425 1913 642 1989; x_wconf 90' lang='lat' dir='ltr'><strong>monimenta,</strong></span> <span class='ocrx_word' id='word_1_114' title='bbox 664 1921 700 1976; x_wconf 91' lang='lat' dir='ltr'><strong>et</strong></span> <span class='ocrx_word' id='word_1_115' title='bbox 714 1916 947 1981; x_wconf 70' lang='lat' dir='ltr'><strong>‚execrabilem</strong></span> <span class='ocrx_word' id='word_1_116' title='bbox 976 1917 1107 1983; x_wconf 86' lang='lat' dir='ltr'><strong>insanae</strong></span> <span class='ocrx_word' id='word_1_117' title='bbox 1136 1918 1301 1986; x_wconf 90' lang='lat' dir='ltr'><strong>adversus</strong></span> 
     </span>
     <span class='ocr_line' id='line_1_17' title="bbox 194 2015 1300 2106; baseline 0.007 -26"><span class='ocrx_word' id='word_1_118' title='bbox 194 2016 408 2081; x_wconf 84' lang='lat' dir='ltr'><strong>Christianos</strong></span> <span class='ocrx_word' id='word_1_119' title='bbox 436 2015 649 2079; x_wconf 85' lang='lat' dir='ltr'><strong>crudelitatis</strong></span> <span class='ocrx_word' id='word_1_120' title='bbox 680 2017 893 2093; x_wconf 87' lang='lat' dir='ltr'><strong>memoriam:</strong></span> <span class='ocrx_word' id='word_1_121' title='bbox 928 2023 1045 2098; x_wconf 86' lang='lat' dir='ltr'><strong>contra</strong></span> <span class='ocrx_word' id='word_1_122' title='bbox 1074 2037 1152 2083; x_wconf 89' lang='lat' dir='ltr'><strong>veru</strong></span> <span class='ocrx_word' id='word_1_123' title='bbox 1179 2022 1300 2106; x_wconf 87' lang='lat' dir='ltr'><strong>religio</strong></span> 
     </span>
     <span class='ocr_line' id='line_1_18' title="bbox 193 2117 1301 2200; baseline 0.006 -18"><span class='ocrx_word' id='word_1_124' title='bbox 193 2117 385 2183; x_wconf 87' lang='lat' dir='ltr'><strong>Christiana</strong></span> <span class='ocrx_word' id='word_1_125' title='bbox 403 2118 509 2182; x_wconf 92' lang='lat' dir='ltr'><strong>multo</strong></span> <span class='ocrx_word' id='word_1_126' title='bbox 531 2118 633 2189; x_wconf 90' lang='lat' dir='ltr'><strong>latius</strong></span> <span class='ocrx_word' id='word_1_127' title='bbox 655 2117 859 2200; x_wconf 83' lang='lat' dir='ltr'><strong>longiusque</strong></span> <span class='ocrx_word' id='word_1_128' title='bbox 873 2118 1026 2196; x_wconf 88' lang='lat' dir='ltr'><strong>dilatata,</strong></span> <span class='ocrx_word' id='word_1_129' title='bbox 1043 2121 1110 2184; x_wconf 91' lang='lat' dir='ltr'><strong>Dei</strong></span> <span class='ocrx_word' id='word_1_130' title='bbox 1124 2121 1301 2189; x_wconf 86' lang='lat' dir='ltr'><strong>immorta-</strong></span> 
     </span>
     <span class='ocr_line' id='line_1_19' title="bbox 193 2218 1300 2305; baseline 0.005 -20"><span class='ocrx_word' id='word_1_131' title='bbox 193 2222 238 2287; x_wconf 91' lang='lat' dir='ltr'><strong>lis</strong></span> <span class='ocrx_word' id='word_1_132' title='bbox 253 2219 428 2294; x_wconf 87' lang='lat' dir='ltr'><strong>beneficio,</strong></span> <span class='ocrx_word' id='word_1_133' title='bbox 448 2218 590 2282; x_wconf 87' lang='lat' dir='ltr'><strong>feliciter</strong></span> <span class='ocrx_word' id='word_1_134' title='bbox 611 2218 822 2294; x_wconf 89' lang='lat' dir='ltr'><strong>succreverit,</strong></span> <span class='ocrx_word' id='word_1_135' title='bbox 842 2225 879 2283; x_wconf 89' lang='lat' dir='ltr'><strong>et</strong></span> <span class='ocrx_word' id='word_1_136' title='bbox 901 2219 944 2283; x_wconf 90' lang='lat' dir='ltr'><strong>ad</strong></span> <span class='ocrx_word' id='word_1_137' title='bbox 966 2221 1055 2286; x_wconf 91' lang='lat' dir='ltr'><strong>hunc</strong></span> <span class='ocrx_word' id='word_1_138' title='bbox 1078 2242 1185 2305; x_wconf 90' lang='lat' dir='ltr'><strong>usque</strong></span> <span class='ocrx_word' id='word_1_139' title='bbox 1209 2224 1300 2290; x_wconf 90' lang='lat' dir='ltr'><strong>diem</strong></span> 
     </span>
     <span class='ocr_line' id='line_1_20' title="bbox 192 2321 1300 2410; baseline 0.004 -23"><span class='ocrx_word' id='word_1_140' title='bbox 192 2324 324 2399; x_wconf 87' lang='lat' dir='ltr'><strong>floreat,</strong></span> <span class='ocrx_word' id='word_1_141' title='bbox 340 2340 392 2397; x_wconf 93' lang='lat' dir='ltr'><strong>ac,</strong></span> <span class='ocrx_word' id='word_1_142' title='bbox 406 2321 519 2401; x_wconf 91' lang='lat' dir='ltr'><strong>quoad</strong></span> <span class='ocrx_word' id='word_1_143' title='bbox 535 2321 609 2384; x_wconf 89' lang='lat' dir='ltr'><strong>haec</strong></span> <span class='ocrx_word' id='word_1_144' title='bbox 625 2339 735 2384; x_wconf 91' lang='lat' dir='ltr'><strong>rerum</strong></span> <span class='ocrx_word' id='word_1_145' title='bbox 761 2321 962 2387; x_wconf 88' lang='lat' dir='ltr'><strong>universitas</strong></span> <span class='ocrx_word' id='word_1_146' title='bbox 985 2325 1100 2402; x_wconf 88' lang='lat' dir='ltr'><strong>stabit,</strong></span> <span class='ocrx_word' id='word_1_147' title='bbox 1123 2328 1300 2410; x_wconf 90' lang='lat' dir='ltr'><strong>perpetuis</strong></span> 
     </span>
     <span class='ocr_line' id='line_1_21' title="bbox 194 2421 646 2506; baseline -0.011 -19"><span class='ocrx_word' id='word_1_148' title='bbox 194 2422 403 2506; x_wconf 89' lang='lat' dir='ltr'><strong>temporibus</strong></span> <span class='ocrx_word' id='word_1_149' title='bbox 418 2421 463 2486; x_wconf 91' lang='lat' dir='ltr'><strong>sit</strong></span> <span class='ocrx_word' id='word_1_150' title='bbox 477 2421 646 2486; x_wconf 89' lang='lat' dir='ltr'><strong>duratura.</strong></span> 
     </span>
    </p>
   </div>
   <div class='ocr_carea' id='block_1_3' title="bbox 702 2606 790 2674">
    <p class='ocr_par' dir='ltr' id='par_1_3' title="bbox 702 2606 790 2674">
     <span class='ocr_line' id='line_1_22' title="bbox 702 2606 790 2674; baseline 0.011 -4"><span class='ocrx_word' id='word_1_151' title='bbox 702 2606 790 2674; x_wconf 86' lang='lat' dir='ltr'><strong>VII.</strong></span> 
     </span>
    </p>
   </div>
   <div class='ocr_carea' id='block_1_4' title="bbox 181 2725 1300 3420">
    <p class='ocr_par' dir='ltr' id='par_1_4' title="bbox 181 2725 1300 3420">
     <span class='ocr_line' id='line_1_23' title="bbox 238 2725 1299 2810; baseline 0.005 -20"><span class='ocrx_word' id='word_1_152' title='bbox 238 2726 342 2805; x_wconf 84' lang='lat' dir='ltr'><strong>Quod</strong></span> <span class='ocrx_word' id='word_1_153' title='bbox 357 2727 386 2790; x_wconf 87' lang='lat' dir='ltr'><strong>si</strong></span> <span class='ocrx_word' id='word_1_154' title='bbox 402 2745 491 2790; x_wconf 91' lang='lat' dir='ltr'><strong>nunc</strong></span> <span class='ocrx_word' id='word_1_155' title='bbox 505 2745 710 2810; x_wconf 87' lang='lat' dir='ltr'><strong>quaeramus,</strong></span> <span class='ocrx_word' id='word_1_156' title='bbox 726 2745 794 2810; x_wconf 93' lang='lat' dir='ltr'><strong>qno</strong></span> <span class='ocrx_word' id='word_1_157' title='bbox 809 2745 897 2789; x_wconf 91' lang='lat' dir='ltr'><strong>anuo</strong></span> <span class='ocrx_word' id='word_1_158' title='bbox 912 2731 946 2790; x_wconf 92' lang='lat' dir='ltr'><strong>et</strong></span> <span class='ocrx_word' id='word_1_159' title='bbox 960 2725 1016 2789; x_wconf 90' lang='lat' dir='ltr'><strong>die</strong></span> <span class='ocrx_word' id='word_1_160' title='bbox 1030 2726 1085 2791; x_wconf 92' lang='lat' dir='ltr'><strong>hic</strong></span> <span class='ocrx_word' id='word_1_161' title='bbox 1099 2728 1174 2810; x_wconf 88' lang='lat' dir='ltr'><strong>ipse</strong></span> <span class='ocrx_word' id='word_1_162' title='bbox 1187 2727 1299 2796; x_wconf 87' lang='lat' dir='ltr'><strong>Pane·</strong></span> 
     </span>
     <span class='ocr_line' id='line_1_24' title="bbox 193 2823 1300 2916; baseline 0.003 -21"><span class='ocrx_word' id='word_1_163' title='bbox 193 2832 327 2916; x_wconf 89' lang='lat' dir='ltr'><strong>gyricus</strong></span> <span class='ocrx_word' id='word_1_164' title='bbox 344 2829 587 2895; x_wconf 87' lang='lat' dir='ltr'><strong>Genethliacus</strong></span> <span class='ocrx_word' id='word_1_165' title='bbox 609 2850 630 2893; x_wconf 91' lang='lat' dir='ltr'><strong>a</strong></span> <span class='ocrx_word' id='word_1_166' title='bbox 644 2827 844 2901; x_wconf 89' lang='lat' dir='ltr'><strong>Mamertino</strong></span> <span class='ocrx_word' id='word_1_167' title='bbox 864 2829 1058 2913; x_wconf 88' lang='lat' dir='ltr'><strong>sithabitus</strong></span> <span class='ocrx_word' id='word_1_168' title='bbox 1073 2849 1082 2908; x_wconf 85' lang='lat'><em>3</em></span> <span class='ocrx_word' id='word_1_169' title='bbox 1106 2834 1183 2894; x_wconf 92' lang='lat' dir='ltr'><strong>tunc</strong></span> <span class='ocrx_word' id='word_1_170' title='bbox 1200 2823 1300 2914; x_wconf 85' lang='lat' dir='ltr'><strong>gene·</strong></span> 
     </span>
     <span class='ocr_line' id='line_1_25' title="bbox 194 2931 1299 3016; baseline 0.004 -19"><span class='ocrx_word' id='word_1_171' title='bbox 194 2934 293 2998; x_wconf 87' lang='lat' dir='ltr'><strong>ratim</strong></span> <span class='ocrx_word' id='word_1_172' title='bbox 308 2933 444 3016; x_wconf 91' lang='lat' dir='ltr'><strong>quidem</strong></span> <span class='ocrx_word' id='word_1_173' title='bbox 458 2932 578 3016; x_wconf 90' lang='lat' dir='ltr'><strong>liquet,</strong></span> <span class='ocrx_word' id='word_1_174' title='bbox 594 2953 669 2997; x_wconf 91' lang='lat' dir='ltr'><strong>cum</strong></span> <span class='ocrx_word' id='word_1_175' title='bbox 690 2931 795 2996; x_wconf 87' lang='lat' dir='ltr'><strong>fuisse</strong></span> <span class='ocrx_word' id='word_1_176' title='bbox 819 2931 1064 3014; x_wconf 83' lang='lat' dir='ltr'><strong>Panegyricum</strong></span> <span class='ocrx_word' id='word_1_177' title='bbox 1083 2931 1299 3013; x_wconf 85' lang='lat' dir='ltr'><strong>Natalitiuru,</strong></span> 
     </span>
     <span class='ocr_line' id='line_1_26' title="bbox 194 3028 1300 3118; baseline 0.004 -20"><span class='ocrx_word' id='word_1_178' title='bbox 194 3035 259 3098; x_wconf 89' lang='lat' dir='ltr'><strong>hoc</strong></span> <span class='ocrx_word' id='word_1_179' title='bbox 276 3041 339 3110; x_wconf 90' lang='lat' dir='ltr'><strong>est,</strong></span> <span class='ocrx_word' id='word_1_180' title='bbox 357 3035 391 3096; x_wconf 88' lang='lat' dir='ltr'><strong>in</strong></span> <span class='ocrx_word' id='word_1_181' title='bbox 413 3035 516 3097; x_wconf 91' lang='lat' dir='ltr'><strong>natali</strong></span> <span class='ocrx_word' id='word_1_182' title='bbox 528 3036 712 3116; x_wconf 71' lang='lat' dir='ltr'><strong>,utriusque</strong></span> <span class='ocrx_word' id='word_1_183' title='bbox 728 3035 960 3116; x_wconf 88' lang='lat' dir='ltr'><strong>Imperatoris,</strong></span> <span class='ocrx_word' id='word_1_184' title='bbox 979 3032 1188 3097; x_wconf 89' lang='lat' dir='ltr'><strong>Diocletiani</strong></span> <span class='ocrx_word' id='word_1_185' title='bbox 1203 3028 1300 3118; x_wconf 82' lang='lat' dir='ltr'><strong>Jovii</strong></span> 
     </span>
     <span class='ocr_line' id='line_1_27' title="bbox 196 3133 1299 3220; baseline 0.002 -21"><span class='ocrx_word' id='word_1_186' title='bbox 196 3143 230 3200; x_wconf 94' lang='lat' dir='ltr'><strong>et</strong></span> <span class='ocrx_word' id='word_1_187' title='bbox 246 3134 448 3208; x_wconf 73' lang='lat' dir='ltr'><strong>Maximiani</strong></span> <span class='ocrx_word' id='word_1_188' title='bbox 462 3133 627 3209; x_wconf 91' lang='lat' dir='ltr'><strong>Herculii,</strong></span> <span class='ocrx_word' id='word_1_189' title='bbox 643 3134 783 3211; x_wconf 91' lang='lat' dir='ltr'><strong>dictum,</strong></span> <span class='ocrx_word' id='word_1_190' title='bbox 798 3143 834 3198; x_wconf 90' lang='lat' dir='ltr'><strong>et</strong></span> <span class='ocrx_word' id='word_1_191' title='bbox 850 3137 1020 3217; x_wconf 90' lang='lat' dir='ltr'><strong>utriusque</strong></span> <span class='ocrx_word' id='word_1_192' title='bbox 1035 3135 1134 3208; x_wconf 87' lang='lat' dir='ltr'><strong>ctiam</strong></span> <span class='ocrx_word' id='word_1_193' title='bbox 1149 3135 1299 3220; x_wconf 88' lang='lat' dir='ltr'><strong>Impera·</strong></span> 
     </span>
     <span class='ocr_line' id='line_1_28' title="bbox 195 3235 1298 3321; baseline 0.002 -20"><span class='ocrx_word' id='word_1_194' title='bbox 195 3238 279 3310; x_wconf 84' lang='lat' dir='ltr'><strong>toris</strong></span> <span class='ocrx_word' id='word_1_195' title='bbox 293 3235 412 3299; x_wconf 89' lang='lat' dir='ltr'><strong>laudes</strong></span> <span class='ocrx_word' id='word_1_196' title='bbox 428 3235 621 3318; x_wconf 89' lang='lat' dir='ltr'><strong>complecti,</strong></span> <span class='ocrx_word' id='word_1_197' title='bbox 636 3237 790 3317; x_wconf 89' lang='lat' dir='ltr'><strong>quamvis</strong></span> <span class='ocrx_word' id='word_1_198' title='bbox 806 3235 880 3298; x_wconf 89' lang='lat' dir='ltr'><strong>solo</strong></span> <span class='ocrx_word' id='word_1_199' title='bbox 893 3236 1106 3300; x_wconf 84' lang='lat' dir='ltr'><strong>Maximiano</strong></span> <span class='ocrx_word' id='word_1_200' title='bbox 1122 3244 1204 3320; x_wconf 27' lang='lat' dir='ltr'><strong>tunc·</strong></span> <span class='ocrx_word' id='word_1_201' title='bbox 1213 3257 1298 3321; x_wconf 86' lang='lat' dir='ltr'><strong>pree-</strong></span> 
     </span>
     <span class='ocr_line' id='line_1_29' title="bbox 181 3333 1300 3420; baseline 0.002 -17"><span class='ocrx_word' id='word_1_202' title='bbox 181 3333 290 3403; x_wconf 61' lang='lat' dir='ltr'><strong>‘sente</strong></span> <span class='ocrx_word' id='word_1_203' title='bbox 314 3339 361 3401; x_wconf 90' lang='lat' dir='ltr'><strong>sit</strong></span> <span class='ocrx_word' id='word_1_204' title='bbox 386 3337 509 3401; x_wconf 91' lang='lat' dir='ltr'><strong>dictus.</strong></span> <span class='ocrx_word' id='word_1_205' title='bbox 566 3337 611 3401; x_wconf 83' lang='lat' dir='ltr'><strong>At</strong></span> <span class='ocrx_word' id='word_1_206' title='bbox 638 3338 673 3400; x_wconf 88' lang='lat' dir='ltr'><strong>in</strong></span> <span class='ocrx_word' id='word_1_207' title='bbox 708 3337 863 3418; x_wconf 81' lang='lat' dir='ltr'><strong>Historia</strong></span> <span class='ocrx_word' id='word_1_208' title='bbox 898 3338 1094 3420; x_wconf 88' lang='lat' dir='ltr'><strong>Principum</strong></span> <span class='ocrx_word' id='word_1_209' title='bbox 1124 3338 1300 3411; x_wconf 86' lang='lat' dir='ltr'><strong>Romano·</strong></span> 
     </span>
    </p>
   </div>
   <div class='ocr_carea' id='block_1_5' title="bbox 75 3439 1299 3523">
    <p class='ocr_par' dir='ltr' id='par_1_5' title="bbox 75 3439 1299 3523">
     <span class='ocr_line' id='line_1_30' title="bbox 75 3439 1299 3523; baseline 0.002 -19"><span class='ocrx_word' id='word_1_210' title='bbox 75 3470 79 3477; x_wconf 93' lang='lat'><strong>·</strong></span> <span class='ocrx_word' id='word_1_211' title='bbox 196 3461 269 3505; x_wconf 89' lang='lat' dir='ltr'><strong>rum</strong></span> <span class='ocrx_word' id='word_1_212' title='bbox 292 3440 361 3503; x_wconf 87' lang='lat' dir='ltr'><strong>fere</strong></span> <span class='ocrx_word' id='word_1_213' title='bbox 386 3440 449 3503; x_wconf 89' lang='lat' dir='ltr'><strong>tria</strong></span> <span class='ocrx_word' id='word_1_214' title='bbox 468 3439 544 3520; x_wconf 53' lang='lat' dir='ltr'><strong>dieix</strong></span> <span class='ocrx_word' id='word_1_215' title='bbox 559 3439 684 3503; x_wconf 89' lang='lat' dir='ltr'><strong>natalis</strong></span> <span class='ocrx_word' id='word_1_216' title='bbox 709 3459 832 3521; x_wconf 87' lang='lat' dir='ltr'><strong>genera</strong></span> <span class='ocrx_word' id='word_1_217' title='bbox 846 3446 1039 3516; x_wconf 90' lang='lat' dir='ltr'><strong>occurrunt,</strong></span> <span class='ocrx_word' id='word_1_218' title='bbox 1054 3459 1139 3523; x_wconf 85' lang='lat' dir='ltr'><strong>quos</strong></span> <span class='ocrx_word' id='word_1_219' title='bbox 1155 3443 1299 3509; x_wconf 71' lang='lat' dir='ltr'><strong>,solenni</strong></span> 
     </span>
    </p>
   </div>
   <div class='ocr_carea' id='block_1_6' title="bbox 196 3540 1301 3933">
    <p class='ocr_par' dir='ltr' id='par_1_6' title="bbox 196 3540 1301 3933">
     <span class='ocr_line' id='line_1_31' title="bbox 196 3540 1300 3625; baseline 0.003 -17"><span class='ocrx_word' id='word_1_220' title='bbox 196 3543 260 3608; x_wconf 90' lang='lat' dir='ltr'><strong>ritu</strong></span> <span class='ocrx_word' id='word_1_221' title='bbox 287 3560 402 3604; x_wconf 89' lang='lat' dir='ltr'><strong>sacros</strong></span> <span class='ocrx_word' id='word_1_222' title='bbox 425 3540 602 3623; x_wconf 83' lang='lat' dir='ltr'><strong>festosque</strong></span> <span class='ocrx_word' id='word_1_223' title='bbox 627 3541 823 3607; x_wconf 87' lang='lat' dir='ltr'><strong>habuerunt.</strong></span> <span class='ocrx_word' id='word_1_224' title='bbox 867 3541 910 3605; x_wconf 93' lang='lat' dir='ltr'><strong>Id</strong></span> <span class='ocrx_word' id='word_1_225' title='bbox 934 3542 1025 3624; x_wconf 92' lang='lat' dir='ltr'><strong>quod</strong></span> <span class='ocrx_word' id='word_1_226' title='bbox 1044 3541 1117 3625; x_wconf 90' lang='lat' dir='ltr'><strong>jam</strong></span> <span class='ocrx_word' id='word_1_227' title='bbox 1135 3543 1181 3606; x_wconf 69' lang='lat' dir='ltr'><strong>‚in</strong></span> <span class='ocrx_word' id='word_1_228' title='bbox 1201 3563 1300 3612; x_wconf 57' lang='lat' dir='ltr'><strong>&gt;com-</strong></span> 
     </span>
     <span class='ocr_line' id='line_1_32' title="bbox 196 3641 1299 3728; baseline 0.002 -18"><span class='ocrx_word' id='word_1_229' title='bbox 196 3643 360 3711; x_wconf 89' lang='lat' dir='ltr'><strong>mentario</strong></span> <span class='ocrx_word' id='word_1_230' title='bbox 404 3641 447 3705; x_wconf 89' lang='lat' dir='ltr'><strong>ad</strong></span> <span class='ocrx_word' id='word_1_231' title='bbox 484 3643 733 3726; x_wconf 84' lang='lat' dir='ltr'><strong>Panegyricum</strong></span> <span class='ocrx_word' id='word_1_232' title='bbox 770 3645 873 3709; x_wconf 90' lang='lat' dir='ltr'><strong>Plinii</strong></span> <span class='ocrx_word' id='word_1_233' title='bbox 911 3644 1092 3727; x_wconf 24' lang='lat' dir='ltr'><strong>,copiosius</strong></span> <span class='ocrx_word' id='word_1_234' title='bbox 1136 3649 1299 3728; x_wconf 86' lang='lat' dir='ltr'><strong>exposui.</strong></span> 
     </span>
     <span class='ocr_line' id='line_1_33' title="bbox 198 3743 1301 3831; baseline 0.003 -20"><span class='ocrx_word' id='word_1_235' title='bbox 198 3747 332 3811; x_wconf 88' lang='lat' dir='ltr'><strong>Primus</strong></span> <span class='ocrx_word' id='word_1_236' title='bbox 357 3752 430 3816; x_wconf 88' lang='lat' dir='ltr'><strong>erat</strong></span> <span class='ocrx_word' id='word_1_237' title='bbox 466 3746 592 3811; x_wconf 88' lang='lat' dir='ltr'><strong>natalis</strong></span> <span class='ocrx_word' id='word_1_238' title='bbox 623 3747 868 3830; x_wconf 85' lang='lat' dir='ltr'><strong>Imperatorum</strong></span> <span class='ocrx_word' id='word_1_239' title='bbox 900 3746 1035 3830; x_wconf 88' lang='lat' dir='ltr'><strong>proprie</strong></span> <span class='ocrx_word' id='word_1_240' title='bbox 1070 3743 1193 3824; x_wconf 91' lang='lat' dir='ltr'><strong>dictus,</strong></span> <span class='ocrx_word' id='word_1_241' title='bbox 1231 3769 1301 3831; x_wconf 91' lang='lat' dir='ltr'><strong>quo</strong></span> 
     </span>
     <span class='ocr_line' id='line_1_34' title="bbox 197 3846 1300 3933; baseline -0.001 -19"><span class='ocrx_word' id='word_1_242' title='bbox 197 3849 343 3933; x_wconf 91' lang='lat' dir='ltr'><strong>primum</strong></span> <span class='ocrx_word' id='word_1_243' title='bbox 369 3846 468 3930; x_wconf 90' lang='lat' dir='ltr'><strong>hujus</strong></span> <span class='ocrx_word' id='word_1_244' title='bbox 495 3848 576 3914; x_wconf 90' lang='lat' dir='ltr'><strong>vitae</strong></span> <span class='ocrx_word' id='word_1_245' title='bbox 603 3850 713 3913; x_wconf 91' lang='lat' dir='ltr'><strong>luceru</strong></span> <span class='ocrx_word' id='word_1_246' title='bbox 730 3854 970 3933; x_wconf 74' lang='lat' dir='ltr'><strong>,aspexerant3</strong></span> <span class='ocrx_word' id='word_1_247' title='bbox 993 3853 1028 3911; x_wconf 92' lang='lat' dir='ltr'><strong>et</strong></span> <span class='ocrx_word' id='word_1_248' title='bbox 1051 3846 1151 3930; x_wconf 88' lang='lat' dir='ltr'><strong>hujus</strong></span> <span class='ocrx_word' id='word_1_249' title='bbox 1174 3850 1300 3919; x_wconf 82' lang='lat' dir='ltr'><strong>natalis</strong></span> 
     </span>
    </p>
   </div>
   <div class='ocr_carea' id='block_1_7' title="bbox 79 3938 1301 4036">
    <p class='ocr_par' dir='ltr' id='par_1_7' title="bbox 79 3938 1301 4036">
     <span class='ocr_line' id='line_1_35' title="bbox 79 3938 1301 4036; baseline 0.002 -22"><span class='ocrx_word' id='word_1_250' title='bbox 79 3938 82 3945; x_wconf 68' lang='grc'><strong><em>’</em></strong></span> <span class='ocrx_word' id='word_1_251' title='bbox 198 3951 268 4014; x_wconf 91' lang='lat' dir='ltr'><strong>diei</strong></span> <span class='ocrx_word' id='word_1_252' title='bbox 284 3938 440 4014; x_wconf 62' lang='lat' dir='ltr'><strong>&#39;solennia</strong></span> <span class='ocrx_word' id='word_1_253' title='bbox 466 3952 530 4012; x_wconf 79' lang='grc' dir='ltr'><strong><em>κατ’</em></strong></span> <span class='ocrx_word' id='word_1_254' title='bbox 562 3951 663 4035; x_wconf 70' lang='grc' dir='ltr'><em>ἔξοχῇν</em></span> <span class='ocrx_word' id='word_1_255' title='bbox 687 3949 817 4036; x_wconf 60' lang='grc' dir='ltr'><strong>γενέθλια</strong></span> <span class='ocrx_word' id='word_1_256' title='bbox 841 3951 958 4017; x_wconf 89' lang='lat' dir='ltr'><strong>vocari</strong></span> <span class='ocrx_word' id='word_1_257' title='bbox 984 3948 1216 4026; x_wconf 89' lang='lat' dir='ltr'><strong>consuevisse,</strong></span> <span class='ocrx_word' id='word_1_258' title='bbox 1229 3950 1301 4020; x_wconf 69' lang='lat' dir='ltr'><strong>2de·</strong></span> 
     </span>
    </p>
   </div>
   <div class='ocr_carea' id='block_1_8' title="bbox 170 4048 1310 4244">
    <p class='ocr_par' dir='ltr' id='par_1_8' title="bbox 170 4048 1310 4244">
     <span class='ocr_line' id='line_1_36' title="bbox 198 4048 1310 4152; baseline 0.004 -39"><span class='ocrx_word' id='word_1_259' title='bbox 198 4051 446 4134; x_wconf 78' lang='lat' dir='ltr'><strong>prehendimus</strong></span> <span class='ocrx_word' id='word_1_260' title='bbox 492 4051 588 4116; x_wconf 85' lang='lat' dir='ltr'><strong>Alter</strong></span> <span class='ocrx_word' id='word_1_261' title='bbox 603 4055 726 4118; x_wconf 91' lang='lat' dir='ltr'><strong>natalis</strong></span> <span class='ocrx_word' id='word_1_262' title='bbox 744 4053 986 4137; x_wconf 89' lang='lat' dir='ltr'><strong>Imperatorum</strong></span> <span class='ocrx_word' id='word_1_263' title='bbox 1009 4048 1169 4123; x_wconf 90' lang='lat' dir='ltr'><strong>translate</strong></span> <span class='ocrx_word' id='word_1_264' title='bbox 1185 4051 1310 4152; x_wconf 80' lang='lat' dir='ltr'><strong>dictus¹</strong></span> 
     </span>
     <span class='ocr_line' id='line_1_37' title="bbox 170 4152 1302 4244; baseline 0.003 -27"><span class='ocrx_word' id='word_1_265' title='bbox 170 4205 172 4207; x_wconf 51' lang='grc'>,</span> <span class='ocrx_word' id='word_1_266' title='bbox 197 4152 384 4244; x_wconf 82' lang='lat' dir='ltr'><strong>habebatur</strong></span> <span class='ocrx_word' id='word_1_267' title='bbox 395 4155 631 4238; x_wconf 85' lang='lat' dir='ltr'><strong>dicebaturque</strong></span> <span class='ocrx_word' id='word_1_268' title='bbox 641 4157 769 4239; x_wconf 86' lang='lat' dir='ltr'><strong>primus</strong></span> <span class='ocrx_word' id='word_1_269' title='bbox 781 4156 852 4221; x_wconf 89' lang='lat' dir='ltr'><strong>dies</strong></span> <span class='ocrx_word' id='word_1_270' title='bbox 864 4153 1088 4239; x_wconf 80' lang='lat' dir='ltr'><strong>principatus,</strong></span> <span class='ocrx_word' id='word_1_271' title='bbox 1097 4167 1157 4217; x_wconf 86' lang='lat' dir='ltr'><strong>seu</strong></span> <span class='ocrx_word' id='word_1_272' title='bbox 1168 4153 1302 4241; x_wconf 87' lang='lat' dir='ltr'><strong>imperii</strong></span> 
     </span>
    </p>
   </div>
   <div class='ocr_carea' id='block_1_9' title="bbox 0 0 1372 4726">
    <p class='ocr_par' dir='ltr' id='par_1_9' title="bbox 0 0 1372 4726">
     <span class='ocr_line' id='line_1_38' title="bbox 0 0 1372 4726; baseline 0 0"><span class='ocrx_word' id='word_1_273' title='bbox 0 0 1372 4726; x_wconf 95' lang='lat' dir='ltr'><strong> </strong></span> 
     </span>
    </p>
   </div>
  </div>
 </body>
</html>
