2730 4726
363 292 536 342 mssunr.
560 293 612 341 sn
638 291 863 345 usurarum
886 294 1026 345 rasus.
1153 281 1242 370 arar

431 376 444 403 0

143 433 231 524 Aug.
246 434 357 515 dictor,
379 457 402 501 a
421 435 629 516 Mamrtirm,
655 447 691 501 ut
712 446 857 522 pretatur.
904 437 945 502 Ia
964 457 1023 524 qao
1050 435 1245 504 Diocletiani

140 562 264 626 qrraqrrc
290 537 400 605 bada
425 539 633 620 contineatur,
659 541 714 626 qui
742 562 809 605 carm
839 538 1036 605 Maximiano
1065 530 1242 624 r‘raperam't.

140 641 256 722 Quam
282 644 533 728 inscriptionem
559 644 662 709 etiam
695 643 801 710 Hem.
827 644 1033 728 Stephanus,
1063 665 1119 709 au.
1143 646 1242 711 1591.

139 745 287 810 retinuit.
331 744 389 825 At
404 765 458 810 an.
482 748 579 812 1576.
603 746 733 813 Paulus
749 745 897 824 Navius,
913 748 1109 831 simpliciter
1124 754 1158 813 et
1171 749 1244 815 sine

139 845 357 913 haesitatione
379 847 469 913 hunc
494 850 628 915 titulum
651 849 776 914 edidit:
815 847 1031 936 Panegyricus
1056 847 1245 913 Mamertini

140 947 342 1013 Mammiano
364 947 634 1037 Diocletiaaoqae.
680 952 720 1016 In
745 960 938 1032 argumento
962 959 1092 1017 autem:
1117 951 1243 1020 ‘Arbi-

138 1049 234 1130 tror,'
257 1052 380 1135 inquit,
407 1052 523 1118 ‘hunc
548 1073 624 1119 esse
651 1053 779 1119 dictum
805 1074 826 1118 a
847 1054 1059 1133 Mamertino,
1074 1060 1112 1119 ut
1130 1073 1176 1119 ex
1189 1074 1242 1119 se-

138 1154 255 1236 quenti
269 1150 481 1239 Panegyrico
508 1156 669 1238 cognosci
697 1164 832 1240 potest;
854 1157 915 1221 sed
942 1156 1159 1223 Diocletiano
1182 1160 1242 1222 ab·

90 1314 97 1327 ,
137 1263 245 1320 sente.
292 1256 437 1335 Etenim,
468 1258 498 1321 si
529 1259 764 1324 Diocletianus
789 1259 952 1333 affuisset,
983 1261 1121 1326 omnino
1153 1265 1243 1325 esset

136 1357 411 1442 praeponendus,
425 1363 487 1425 &a
526 1358 592 1423 Aa
609 1361 706 1425 1607.
723 1359 919 1437 aGrutero,
934 1359 1136 1424 fortalibros
1154 1360 1241 1423 Mss.

137 1459 317 1524 Palatinos
347 1469 479 1539 secuto,
510 1461 560 1525 ita
581 1461 764 1544 inscriptus
793 1468 864 1526 cst:
902 1458 1032 1525 Claudii
1055 1458 1243 1524 Mamertini

138 1557 356 1648 Panegyricus
387 1562 586 1628 Maximiano
613 1559 779 1648 Augusto:
812 1582 912 1646 quam
938 1562 1064 1646 reliqui
1093 1562 1241 1628 editores

77 1730 80 1734 ,
136 1663 368 1736 imitatisuat.
411 1665 529 1750 Atque
546 1665 709 1730 itnctiam
724 1663 1054 1746 CarolusSigouias,
1070 1684 1129 1748 qm
1120 1663 1240 1730 Hist.

136 1766 183 1831 de
199 1764 414 1833 Occidentali
437 1767 599 1852 Imperio,
619 1768 679 1833 lib.
697 1785 722 1832 ι.
744 1768 879 1852 aliquot
897 1766 976 1834 loca
998 1785 1042 1831 ex
1061 1765 1127 1831 hoc
1150 1768 1240 1850 ipsa,

136 1867 181 1933 dc
205 1888 275 1952 quo
301 1871 443 1952 agimus,
470 1870 687 1954 Panegyrico,
704 1870 883 1948 excitarit,
903 1888 981 1934 eum
1003 1869 1078 1934 siue
1102 1867 1240 1937 haesita-

135 1970 230 2035 tione
245 1972 449 2056 ascripserat
465 1971 693 2053 Mamertin03
715 1991 791 2038 cum
815 1973 911 2037 bonae
932 1975 1020 2036 aotae
1040 1973 1258 2055 exemplari,-

135 2074 346 2142 avenarios
362 2073 429 2139 ΜΒ.
445 2081 607 2158 quantum
623 2094 670 2139 cx
689 2073 824 2138 indiciis
844 2093 910 2138 non
933 2073 1090 2137 obscuris
1111 2074 1240 2157 colligis

134 2195 226 2253 mus,
239 2195 321 2243 usus
335 2176 499 2243 videatur.
532 2177 590 2243 Sic
605 2197 684 2261 pag·
692 2177 725 2243 8.
742 2177 821 2243 edit.
837 2175 947 2242 Basil.
959 2194 1015 2239 an·
1025 2173 1124 2240 1579.
1146 2177 1239 2244 ‘Ex-

134 2276 229 2355 tant'
242 2267 360 2364 inquit,
376 2285 386 2314 ‘
401 2279 583 2345 Orationes
597 2280 726 2364 aliquot
741 2285 821 2362 post
836 2299 858 2344 a
874 2277 1077 2343 Mamertino
1092 2278 1240 2346 Rhetoro

135 2379 182 2445 ad
198 2380 446 2447 Maximianum
462 2382 497 2446 in
514 2381 629 2447 Gallia
643 2381 758 2459 dictae,
783 2381 905 2464 quibus
921 2386 1098 2464 utrumque
1113 2379 1238 2463 signifi·

134 2481 255 2554 catur!
301 2484 385 2550 Mox
408 2504 489 2549 vero
503 2485 616 2550 locum
631 2483 736 2561 affert,
750 2483 811 2566 qui
834 2501 923 2546 nuno
943 2480 1067 2564 legitur
1087 2501 1164 2564 cap.
1180 2499 1237 2546 111.

134 2592 173 2651 ut
188 2602 241 2651 ru.
255 2586 353 2671 hujus
366 2586 577 2670 Panegyrici.
610 2586 706 2662 Item,
722 2605 799 2668 pag.
816 2585 870 2650 la.
882 2603 927 2648 ex
941 2599 1081 2666 captu.
1104 2583 1236 2663 -Porro,

133 2707 213 2773 pag.
231 2688 282 2752 14.
294 2708 340 2752 cx
355 2707 432 2772 cap.
449 2705 501 2751 ιν.
524 2688 584 2753 ubi
602 2689 676 2753 haec
699 2687 878 2771 praefatur:
900 2690 910 2721 ‘
928 2686 1021 2770 quod
1044 2685 1184 2763 iactum,
1197 2694 1238 2753 ut
1308 2721 1311 2726 ·

132 2790 296 2872 singulari
311 2789 470 2861 felicitate
485 2789 830 2866 commemorandum,
845 2787 1066 2853 Mamertinus
1080 2788 1239 2872 deinceps

132 2894 185 2961 sio
199 2892 338 2958 Gallica
349 2892 486 2958 dicendi
502 2893 604 2976 copia
619 2889 826 2959 celebravit!
863 2889 907 2956 Et
921 2889 1080 2972 denique,
1096 2910 1174 2975 pag.
1181 2890 1235 2956 20.

132 2996 184 3059 uti
199 2995 296 3077 plara
310 2995 415 3060 verba
435 3015 476 3059 ex
497 3015 575 3078 cap.
592 3011 665 3058 xrr.
683 3009 770 3057 xrlr.
785 2999 821 3058 ct
836 3008 920 3060 xlv.
939 2990 1045 3068 affert,
1069 2992 1119 3056 ita
1135 2993 1237 3074 quasi

132 3095 327 3163 dubitanter
344 3097 518 3180 loquitur:
547 3097 614 3162 ‘In
640 3117 681 3162 ea
708 3096 910 3161 solennitate
936 3098 1007 3172 (xr.
1031 3094 1112 3160 Kal.
1139 3094 1235 3181 Maii)

133 3199 358 3267 Mamertinus
388 3201 489 3278 idem,
518 3208 565 3282 ut¹
586 3201 810 3276 existimatur,
837 3200 1021 3265 orationem
1050 3199 1173 3274 habuit,
1201 3200 1236 3265 in

131 3321 212 3386 qua,
228 3302 395 3385 expositis
411 3301 616 3367 Maximiani
630 3303 731 3367 rebus
747 3301 917 3379 omnibus,
930 3321 1020 3385 quas
1035 3321 1234 3366 commemo·

131 3404 289 3481 ravimus
305 3405 440 3469 demum
455 3405 496 3470 de
513 3404 718 3482 Constantio,
739 3410 772 3468 et
790 3409 956 3487 apparatu
976 3404 1132 3468 instantis
1152 3403 1235 3469 belli

131 3506 334 3584 Britannici,
349 3507 398 3572 ita
411 3507 592 3573 disseruit?
627 3506 793 3585 Quamvis
807 3507 924 3589 itaque
938 3506 1012 3570 haec
1023 3522 1076 3570 res
1087 3505 1233 3571 nondum

131 3628 271 3694 prorsus
286 3609 459 3692 expedita,
475 3616 509 3674 et
529 3615 627 3674 certa
651 3608 815 3686 videatur,
831 3610 886 3672 cui
908 3609 1037 3675 auctori
1054 3608 1108 3672 hic
1125 3608 1232 3672 Pane·

129 3712 267 3796 gyricns
284 3711 331 3777 sit
344 3712 586 3791 ascribendus3
605 3712 761 3776 nolumus
776 3718 887 3775 tamen
903 3731 1024 3776 nomen
1040 3710 1232 3774 Mamertini

131 3813 313 3881 deturbare
325 3811 367 3879 de
380 3814 599 3895 possessione
606 3815 681 3896 jam
691 3813 791 3896 vulgo
802 3814 946 3896 probata
957 3833 966 3891 3
978 3812 1142 3895 inprimis,
1154 3830 1232 3875 cum

128 3922 164 3983 et
172 3917 331 4000 princeps
343 3916 448 3983 editio
462 3915 583 3996 Fraus.
598 3915 792 3994 Puteolani,
802 3920 834 3979 et
845 3913 1232 3981 editiovindobonensis

129 4017 332 4102 Cuspiniani
353 4019 494 4084 eandem
516 4020 641 4084 indicio
667 4020 814 4103 quodam
830 4017 1024 4084 confirmare
1040 4015 1230 4099 videantur3

128 4127 248 4207 utpote
262 4121 297 4186 in
312 4141 382 4207 qua
396 4126 536 4206 utraque
549 4121 700 4187 editione
719 4121 873 4206 sequenti
892 4119 1114 4202 Panegyrico,
1131 4120 1231 4204 cujus

126 4222 262 4293 initium
275 4221 917 4314 ast,’‘01nnasquidemhomiaes,'&c.
933 4220 989 4288 hio
1011 4220 1131 4310 titulus
1146 4244 1231 4308 praa·
