2730 4726
127 313 215 381 1298
446 325 611 375 Burrum!
636 325 785 376 PANBGY
792 326 904 378 nicus

126 476 158 542 2.
181 471 212 537 0
232 472 376 538 victoria
396 470 582 554 multijuga,
604 477 638 537 et
659 471 951 538 innumerabilium
973 473 1224 558 triumphorum,

127 596 194 660 qua
216 575 401 641 Britanniae
420 576 599 651 restitutae,
615 593 686 659 qua
699 573 904 640 Francorum
919 577 1008 641 vires
1021 577 1152 661 penitus
1167 599 1226 643 ex·

126 679 221 756 cisae,
236 698 304 762 qua
323 676 440 742 multis
462 684 625 760 praeterea
643 677 807 760 gentibus,
826 678 860 742 in
882 679 1115 764 conjuratione
1134 679 1227 746 illius

16 866 20 873 Ι
126 781 262 846 sceleris
286 779 519 863 deprehensis,
540 779 703 862 impositu
725 785 777 844 est
800 780 983 846 necessitas
1006 783 1232 866 obsequendi„

127 883 271 967 denique
296 881 341 947 ad
366 886 562 966 perpetuam
587 881 734 965 quietem
758 883 863 947 meria
886 890 1030 966 purgata
1054 884 1151 949 sunt!
1195 887 1228 950 3.

127 985 285 1052 Gloriare
307 992 343 1050 tu
365 1004 456 1064 vero,
471 983 589 1050 Caesar
610 985 743 1063 invicte,
758 984 863 1050 alium
883 997 919 1052 te
939 987 1051 1051 orbem
1069 992 1229 1053 terrarum

126 1091 300 1174 reperisse,
310 1088 381 1173 qui,
393 1088 559 1154 Romauae
571 1088 732 1172 potentiae
744 1087 882 1171 gloriam
896 1090 1107 1155 restituendo
1122 1108 1230 1155 nara-

125 1192 203 1268 lem,
229 1190 390 1257 addidisti
416 1191 560 1274 imperio
584 1190 678 1256 terris
702 1191 857 1256 omnibns
881 1191 991 1276 majus
1016 1193 1230 1258 elementum.

126 1295 160 1357 d.
184 1291 381 1371 confecisti,
396 1293 545 1376 iuquam,
560 1293 694 1370 bellurn,
709 1291 825 1358 Caesar
839 1294 974 1371 invicte,
990 1294 1083 1378 quod
1097 1296 1231 1360 cunctis

127 1394 318 1478 impendere
340 1394 523 1480 provinciis
542 1393 730 1473 videbatur,
744 1402 882 1480 tamque
901 1397 971 1462 late
985 1397 1102 1480 vagari
1118 1403 1153 1463 et
1167 1397 1229 1463 fla·

127 1516 221 1580 grate
241 1502 383 1581 poterat,
402 1515 504 1582 quam
525 1497 593 1562 late
612 1498 722 1563 omnis
742 1496 911 1578 Oceanus,
929 1506 964 1566 et
986 1500 1231 1567 Mediterranei

129 1599 223 1663 sinus
238 1597 379 1663 alluunt.

172 1699 263 1766 Gar.
287 1716 405 1766 xv111.
433 1702 465 1766 1.
482 1700 604 1786 Neque
618 1703 715 1781 euim,
727 1704 757 1768 si
771 1713 855 1768 nutu
868 1705 968 1770 vestri
984 1704 1060 1769 lues
1074 1704 1137 1770 illa
1147 1705 1232 1770 selis

128 1803 316 1869 Britanniae
338 1805 526 1871 visceribus
547 1806 719 1883 intabuit:
744 1806 872 1872 idcireo
896 1808 1078 1884 nescimus,
1101 1813 1231 1892 quanto

128 1928 166 1973 se
188 1908 273 1974 alias
294 1906 407 1973 furore
422 1907 602 1992 jactasset,
619 1909 649 1973 si
664 1908 821 1974 fiduciam
836 1909 1067 1994 pervagandi,⁸
1085 1930 1156 1994 qua
1169 1929 1231 1994 pa·

129 2012 233 2090 tebat,
249 2011 430 2078 habuisset.
472 2011 506 2076 2.
528 2011 634 2077 Nullo
654 2011 843 2096 siquidem·
864 2023 958 2078 certe
972 2012 1040 2076 fine
1055 2012 1233 2091 montium,

129 2120 189 2179 aut
208 2113 380 2196 fluminum
403 2115 651 2192 terminabatur,
666 2134 766 2198 quem
787 2114 967 2199 dispositae
982 2114 1099 2178 limitis
1120 2123 1232 2180 custo-

129 2217 196 2283 diae
211 2223 398 2299 tuerentur3
421 2217 481 2282 sed
496 2218 633 2300 ubique,
650 2217 748 2282 vanis
762 2218 842 2282 iicet
856 2218 1002 2281 motibus
1018 2216 1110 2300 apud
1125 2217 1234 2280 uirtu-

129 2327 197 2384 tem
218 2321 477 2403 felicitatemque
499 2327 657 2399 vestram,
677 2321 807 2404 magnis
830 2327 944 2385 tamen
965 2321 1148 2384 terroribus
1170 2321 1233 2384 im·

130 2423 290 2500 minebat,
306 2442 374 2506 qua
381 2422 503 2506 jacent
516 2424 633 2502 maria,
649 2443 718 2508 qua
730 2425 824 2489 venti
837 2423 958 2487 ferunt.
1001 2423 1034 2486 3.
1056 2422 1234 2487 Recursu-

129 2526 189 2591 bat
208 2527 335 2612 quippe
354 2528 390 2591 in
410 2528 540 2591 animos
559 2528 619 2593 illa
638 2528 701 2593 sub
722 2527 814 2593 Divo
835 2523 974 2592 Probet
993 2531 1029 2589 et
1046 2545 1234 2610 paucorum

163 2720 176 2744 ⁰
191 2711 263 2763 Istra
272 2712 413 2762 Britannia
422 2728 477 2762 erus
483 2727 510 2762 se
520 2712 646 2763 conticuit.
742 2711 759 2747 θ’
769 2710 801 2762 Si
812 2714 940 2761 amasset
946 2711 1084 2775 pervagari.

588 2842 769 2864 ΜΟΜΟΟ

132 2923 285 2974 deidei-2
297 2923 364 2973 Edd.
380 2929 446 2973 vett.
456 2930 540 2986 gestu
551 2924 716 2982 Fruaeeramf
738 2921 816 2972 cedd.
827 2923 890 2972 Put.
902 2921 974 2972 ond.
983 2921 1073 2972 Muri.
1084 2921 1235 2972 fresam

131 2991 194 3039 uires
201 3006 212 3048 ,·
228 2988 325 3052 Jaeger.
334 2989 399 3038 eires
409 2991 614 3039 Francorum—3
629 2990 741 3037 Gtcriure
751 3003 806 3038 nere
817 2993 844 3036 ta
856 2987 964 3050 Cuspin.
975 2994 1003 3036 et
1016 2988 1106 3036 Moeri.
1134 2988 1170 3037 G.
1180 3004 1236 3040 uere

130 3061 159 3104 tc
170 3055 238 3117 conj.
250 3055 335 3105 Lirin.
350 3055 467 3116 peperisse
477 3061 502 3103 et
515 3055 601 3104 Lirin.
613 3060 640 3104 et
650 3055 741 3117 steph.
758 3053 882 3117 reperisse,
893 3053 934 3117 qni
944 3053 1021 3102 codd.
1034 3053 1117 3101 Livia.
1132 3054 1236 3103 Bertin.

133 3120 240 3183 Cuspin.
256 3121 320 3168 Erre·
338 3120 418 3182 Lung.
431 3119 543 3169 Putean.
560 3122 601 3183 qui
616 3120 713 3169 babent
731 3120 810 3168 etiam
830 3118 945 3179 Gneipb.
956 3118 1043 3166 Meri.
1062 3118 1237 3182 Parisienses,

131 3185 248 3234 Pataroi.
259 3194 287 3234 et
298 3184 391 3234 certat.
408 3185 462 3233 Pru
474 3184 704 3246 addidistidcidri.
714 3185 765 3247 tegi
773 3184 850 3249 jubet
860 3183 1036 3249 addidisse-⁴
1049 3182 1236 3246 (indubios-

132 3266 176 3314 que
190 3253 238 3300 inte
256 3266 281 3299 n.
300 3264 328 3299 ue
337 3249 457 3313 flagrare.
483 3250 551 3298 Edd.
571 3257 636 3302 vett.
655 3251 769 3306 etlnuit5
797 3249 857 3298 Vct.
876 3249 988 3300 Putean.
1005 3249 1107 3298 Bertin.
1125 3250 1236 3315 cuspin.

133 3317 245 3377 Gueipb.
256 3317 321 3365 Ere.
334 3315 478 3365 Sebenbov.
487 3317 587 3378 citum,
600 3324 629 3365 ut
640 3317 710 3381 conj.
724 3313 825 3364 Acidal.

166 3381 234 3430 cir.
251 3392 335 3430 xvur.
359 3385 371 3428 l
386 3381 453 3430 Edd.
471 3390 531 3430 ante
545 3380 668 3430 Arntzen.
678 3383 700 3430 ri
711 3385 775 3430 metu
784 3378 859 3428 vestri
865 3394 875 3437 ,·
894 3378 960 3426 selus
972 3377 1088 3441 Guelpb.
1099 3379 1123 3426 si
1133 3383 1236 3427 nats.-

133 3445 240 3495 2Nuiic
257 3446 351 3508 quidem
368 3445 470 3495 Acidal·
493 3451 556 3496 certe
568 3447 623 3511 fine
644 3447 745 3495 Puteoi.
765 3446 881 3494 Rhenum.
899 3445 935 3493 H.
952 3443 1043 3506 Stepb.
1061 3451 1088 3491 et
1109 3444 1198 3492 Ririu.
1214 3449 1237 3494 l.

132 3510 483 3576 eertefiueE1escironbor.
496 3522 523 3560 ut
536 3512 606 3576 conj.
615 3510 717 3560 Acidai.
730 3510 802 3560 Idem
815 3510 916 3559 deidei.
925 3509 994 3570 conj.
1006 3507 1202 3571 terminabuntur,
1211 3525 1236 3572 q.

133 3577 158 3625 d.
168 3576 291 3626 limitibus.
303 3576 409 3640 Cuspis.
422 3577 507 3625 Lirin.
518 3577 635 3627 Rhenum.
647 3577 739 3639 steph.
754 3583 781 3625 et
792 3575 880 3624 Rivin.
898 3580 921 3625 l.
947 3575 1061 3622 custudire
1077 3589 1124 3621 aea
1143 3581 1239 3624 tueren-

134 3642 387 3701 cauvennicurt.
399 3642 500 3691 Bertin.
513 3643 577 3692 Ere.
594 3644 674 3704 Laug.
687 3642 772 3692 Moeri.
784 3640 896 3701 Guelptr.
912 3646 940 3688 et
951 3638 1011 3688 edd.
1025 3647 1136 3688 reeentt.
1147 3639 1239 3690 delent

133 3707 226 3772 staua.
253 3707 321 3756 Edd.
334 3717 395 3756 ante
408 3707 533 3756 Arntzeu.
541 3710 583 3758 sed
591 3708 674 3771 abique
684 3707 770 3765 acciu
780 3707 838 3756 cod.
851 3707 887 3754 D.
897 3705 983 3754 Marci
994 3719 1036 3766 ap.
1048 3704 1163 3753 Paterni.
1173 3705 1237 3754 Vet.

136 3773 245 3822 Putean.
257 3773 343 3822 Moerl.
355 3781 382 3821 et
392 3773 506 3836 Gueiph.
515 3775 556 3822 red
567 3774 661 3837 ubique,
671 3773 746 3832 cunis,
757 3775 797 3835 tre.
832 3772 906 3831 Μοκ,
917 3775 1019 3819 vestrum
1029 3768 1166 3818 iuberemus
1177 3770 1240 3819 edd.

134 3847 201 3889 vett.
227 3838 363 3889 taceremus
373 3839 448 3889 deest
458 3842 485 3890 in
496 3839 566 3888 (iud.
594 3841 647 3889 Pro
662 3839 765 3903 mugnis,
782 3837 895 3901 Gueipb.
912 3836 991 3886 babet
1008 3835 1093 3896 magis.
1122 3835 1238 3901 Gueipb.

630 3935 739 3987 NOTAE

168 4040 180 4068 ⁸
196 4035 269 4083 Natta
285 4034 412 4099 siqnidem]
437 4035 542 4085 Montes
562 4034 665 4101 quidem
706 4012 861 4084 centinaria
878 4038 1005 4082 terrorem
1022 4028 1049 4078 hi
1069 4027 1143 4080 nobis
1162 4028 1237 4082 ineu·

137 4117 165 4160 et
175 4112 264 4161 littera
274 4120 366 4162 nestra
377 4112 544 4162 barbararum
556 4112 665 4162 incursi·
706 4110 815 4160 tiebant.

137 4188 229 4239 onibus
247 4198 321 4240 erant
344 4189 482 4255 impervia,
497 4188 543 4239 sed
562 4203 613 4254 qua
623 4189 665 4262 ja·
737 4186 750 4222 i
766 4187 818 4238 Sub
828 4186 864 4239 D.
877 4184 970 4250 Probo]
988 4185 1015 4235 Is
1026 4183 1120 4236 Tacito
1138 4190 1167 4236 et
1178 4186 1236 4238 1²10·
