2730 4726
447 335 727 387 runuurareus.
765 335 838 384 xu.
860 319 914 386 43.
1031 321 1034 326 ’
1143 319 1230 386 1615

130 483 352 567 sauguinem?
366 483 419 549 vel
432 483 512 548 dum
527 483 721 558 vindicatur,
736 483 925 566 acciperet:
952 500 992 545 ne
1010 488 1180 567 postremo
1196 489 1230 550 te

128 607 253 653 manus
275 588 487 652 ulcisceretur
508 587 650 671 tyranni,
666 594 700 651 et
721 585 859 650 deberes
882 585 1037 650 Maximo
1056 587 1112 651 vel
1134 607 1231 652 suam

130 688 300 756 ruurtem.h

175 795 267 860 Gau.
293 808 407 858 xum.
451 792 483 856 1.
505 791 548 855 Et
562 791 665 876 plane
680 791 727 855 ita
747 794 868 854 cuncta
889 790 1087 866 ceciderunt,
1103 798 1141 855 ut
1162 812 1230 856 nun

130 907 266 965 serrata
277 897 381 961 modo
392 898 485 974 ultio,
497 894 556 959 scd
573 896 724 959 ordinata
736 894 921 958 videatur?
941 913 1017 957 nam
1029 894 1231 977 uude,quae·
1325 917 1329 930 ¹

132 1021 184 1076 so,
202 1010 271 1067 tam
294 1001 470 1083 repentina
492 999 678 1073 conversio,
692 1002 738 1073 ut,
755 998 812 1080 qni
834 1006 991 1079 oppetere
1006 997 1160 1060 timuerat
1180 997 1231 1060 in*
1298 1068 1302 1075 ,

130 1104 278 1179 teritum,
295 1122 361 1167 non
385 1103 533 1166 timeret!
554 1108 723 1184 expetere,
741 1109 776 1163 et
791 1119 891 1182 quem
913 1099 1095 1163 incluserat
1114 1105 1231 1179 metue,

130 1207 293 1292 proferret
307 1206 477 1272 audaciai
519 1206 552 1270 2.
577 1205 646 1269 Hic
671 1204 764 1268 nulla
783 1204 856 1285 jam
882 1204 1012 1287 reliqua
1036 1205 1234 1269 festinandis

130 1310 234 1375 rebus
258 1329 371 1374 mora:
404 1317 556 1373 actutum
579 1308 752 1372 tortissimi
776 1308 880 1371 duces
905 1307 1095 1371 instruendo
1121 1310 1230 1372 acciu-

130 1418 255 1495 guntur
270 1411 451 1495 triumpho,
466 1413 570 1495 capiti
586 1411 744 1475 diadema
759 1411 949 1486 decutitur,'
962 1410 1108 1474 humeris
1124 1413 1232 1477 vestis

131 1513 295 1592 aufertur,
310 1514 453 1598 pedibus
468 1520 602 1579 ornatus
617 1515 779 1590 evellitur,
792 1518 884 1577 totus
899 1513 1045 1595 denique
1058 1514 1157 1578 bomo
1171 1533 1233 1598 ap-

130 1621 225 1680 tatur
240 1618 282 1681 ad
299 1618 474 1681 meritum!
515 1617 547 1681 3.
573 1618 718 1683 Publice
738 1618 894 1702 publicus
909 1618 1073 1700 spoliatur
1086 1619 1231 1694 exuitur,

131 1725 308 1784 nectuntur
332 1739 452 1785 manus
473 1740 628 1804 rapaces,
649 1721 817 1783 nudantur
840 1739 936 1784 crura
958 1719 1119 1802 fugitivo:
1152 1721 1232 1785 talis

132 1821 277 1905 denique
297 1822 365 1886 tuis
385 1823 520 1887 offertur
534 1823 655 1901 oculis,
671 1822 803 1907 qualern
827 1822 936 1885 offerri
958 1821 1097 1888 decebat
1111 1824 1233 1888 victuri

132 1930 282 2007 captum,
308 1925 446 1991 domiuo
472 1945 615 2001 servum,
640 1925 841 2009 Imperatori
870 1930 1055 2008 tyrannum.
1097 1929 1130 1989 4.
1155 1925 1231 1992 Nec

132 2033 170 2091 tu
186 2027 293 2106 illum,
309 2049 428 2112 quaes
445 2029 633 2105 clementia,
648 2029 683 2092 in
703 2034 919 2110 conspectum
939 2034 1030 2092 tuum
1046 2030 1157 2092 venire
1173 2047 1230 2093 ru·

133 2126 271 2204 luisses,
285 2147 328 2193 ue
347 2130 463 2194 oeulos
486 2131 585 2207 istos,
600 2131 757 2195 omuibus
779 2131 957 2207 salutares,
972 2131 1071 2196 bomo
1083 2132 1232 2196 funebris

133 2229 311 2314 impiaret:
335 2232 401 2297 nisi
425 2233 551 2297 famam
574 2232 748 2297 confutare
767 2233 944 2311 mendacii,
967 2242 1067 2317 teque
1090 2254 1232 2317 purgare
1319 2274 1321 2279 -

133 2332 250 2397 eudem
272 2338 372 2413 teste,
388 2354 457 2419 quo
474 2337 718 2400 insimulatore·
732 2338 908 2400 voluisses.
951 2337 984 2401 5.
1007 2336 1124 2400 Habet
1138 2356 1231 2417 veru,

132 2433 235 2502 habet
255 2438 474 2522 nescioquas
496 2439 645 2504 internos
668 2458 764 2502 mens
786 2439 947 2503 scelerata
969 2440 1153 2517 carnifices,
1172 2445 1233 2504 aut

133 2535 214 2620 ipsa
231 2539 296 2602 sibi
317 2538 464 2603 carnifex
486 2541 693 2604 conscientia
715 2549 787 2621 est3
810 2547 880 2618 aut,
895 2540 985 2625 quud
1000 2543 1107 2624 magis
1120 2543 1231 2621 credo,

165 2743 178 2769 ⁰
195 2737 285 2788 cruere
295 2740 462 2789 macularetur.

163 2810 179 2844 Ρ
197 2803 254 2852 Nan
264 2808 331 2852 modu
339 2810 417 2854 sumta
425 2805 538 2862 uindicta,
549 2804 673 2855 ardutium
684 2820 737 2854 caer
751 2803 834 2853 ardiae
844 2811 922 2856 uaria
931 2806 1049 2858 uideatur.

166 2875 179 2908 1
197 2869 253 2916 Noa
268 2869 395 2920 dubitaret.
621 2877 632 2903 r
649 2870 779 2931 Dejicr'tar.

166 2934 484 2999 'Armatasuppltciua
645 2936 750 2984 ‘Morti
759 2936 1021 3000 usaaarupouuerer.

150 3021 152 3024 ’
168 3003 182 3029 “
200 2997 249 3052 Qru'
259 3005 382 3050 exuetur
391 3006 446 3050 turra
452 3001 547 3061 sacrat.

590 3129 776 3152 ΝΜΝΙΝΝΟ

133 3240 196 3294 edd.
207 3249 313 3320 vetare
328 3244 491 3305 uaduulim
513 3244 576 3296 Ver.
594 3246 706 3299 Puteru.
722 3262 752 3296 aa
767 3246 844 3296 rubus
860 3245 925 3296 olim.
959 3246 1012 3296 Pro
1023 3247 1148 3312 accipent,
1164 3249 1230 3301 Ere.

134 3310 353 3423 mamille-‘0
379 3376 395 3422 2
414 3373 497 3424 Codd.
516 3375 686 3426 Schwarziau.
703 3384 730 3426 et
749 3376 863 3438 Guelpb.
882 3376 956 3438 cupiti
974 3376 1082 3426 diadema
1100 3379 1232 3429 deducitur.

132 3438 211 3498 Mox,
231 3436 291 3489 add.
308 3447 370 3489 aute
388 3437 480 3490 Arata.
495 3446 592 3506 aptatur
603 3443 634 3491 ad
650 3443 790 3500 interitum
814 3441 890 3490 codd.
906 3441 1002 3492 Scheff.
1018 3444 1188 3493 Schwarzian.
1205 3455 1236 3493 er

134 3503 249 3566 Guelplr.
260 3519 284 3551 u.
292 3506 323 3555 ur
333 3504 500 3555 maritume-8
513 3506 657 3570 Reipublicae
668 3509 772 3571 publicar
783 3507 841 3556 cod.
858 3507 1030 3559 Schwarzian.
1063 3509 1116 3558 Pro
1128 3524 1233 3574 cepaea

133 3566 237 3645 Acidal.
249 3568 451 3634 legeretrupuci,
460 3580 504 3619 arrt
515 3570 625 3633 fugitiva
636 3589 684 3638 pro
694 3573 812 3636 fugitivo.
844 3573 897 3622 Pro
912 3581 1015 3637 captam,
1028 3574 1148 3623 Barthius
1159 3575 1233 3623 malit

132 3639 260 3710 captarum,
270 3641 296 3682 et
307 3649 353 3712 pru¹
360 3637 488 3712 raduntur,
498 3638 661 3714 scribendum
671 3639 800 3702 judicavit
811 3639 1232 3716 audentea—ddnunu-limpsa-

133 3699 1233 3830 &walttrutlullae’fl'f'f‘ttllafttrtftlltttll,ltl‘rsstt

134 3827 249 3879 bara-⁵
262 3829 343 3880 Habet
353 3832 417 3880 uires
428 3830 488 3880 add.
507 3837 572 3879 vett.
594 3831 675 3882 Habet
690 3837 766 3892 atres,
777 3833 819 3882 vel
831 3849 905 3891 unes,
924 3833 983 3884 cod·
1001 3831 1144 3893 Schrfferi;
1164 3834 1232 3885 uude

134 3892 181 3946 ille
192 3895 260 3959 conj.
272 3910 348 3954 aare,
359 3896 400 3947 rel
411 3910 495 3954 aaran
511 3895 593 3975 Habet
603 3897 743 3948 verucodd.
755 3897 850 3952 Scheff.
860 3899 1032 3953 Schwarziau·
1042 3901 1104 3951 Ver.
1117 3899 1231 3952 Puteau.

630 4051 742 4105 NOTAE

135 4161 181 4226 qui
193 4159 314 4213 Gratiani
327 4160 418 4213 frater.
703 4176 756 4220 tuae
772 4169 936 4231 couveniens,
949 4176 978 4220 ut
988 4168 1104 4220 Maximo
1120 4167 1231 4221 deberes

167 4235 181 4272 ¹
196 4237 386 4305 deramatam]
401 4241 527 4294 Nouerat
536 4245 663 4309 majestati
704 4248 746 4298 vel
756 4262 826 4299 ruam
837 4254 962 4298 mortem·-
