2730 4726
406 325 646 375 consensero
670 323 830 374 cusani.
869 326 905 376 v,
926 310 961 375 7.
1141 306 1229 376 1283

129 476 313 538 castrorum
334 475 414 554 post
435 468 499 534 hoe
518 490 643 535 novum
659 470 692 534 in
707 470 790 535 mari
805 469 955 534 valluml
999 469 1032 531 4.
1055 466 1148 547 Quid
1171 470 1232 535 erit

128 575 260 653 mirum,
278 575 308 637 si
321 594 390 658 qua
405 593 573 639 murorum
589 580 648 638 aut
664 574 758 638 arieti
773 593 839 638 non
853 573 994 637 cesserit
1009 572 1160 655 firmitas,
1173 580 1232 639 aut

128 677 307 741 machinas
331 677 521 759 despexerit
547 675 736 740 altitudol⁶
762 695 838 750 cum
864 672 1021 738 Oceanus
1045 674 1114 750 ille,
1138 683 1232 742 tanto

128 779 289 842 libratus⁸
309 777 449 861 impetn,
465 786 559 844 tanta
576 778 665 841 mole
681 796 894 858 consurgene,
911 777 983 841 sive
998 777 1235 856 ulterioribus,t

128 893 169 943 ut
187 881 308 958 ferunt,
325 879 421 945 terris
435 881 603 965 repulsus,
618 881 690 944 sive
705 879 868 957 anhelitu,
885 899 952 962 quo
967 876 1122 962 respirat,¹
1136 900 1231 945 evec-

128 989 195 1058 tus,
218 1002 280 1046 seu
303 1001 515 1067 quacumque
537 982 607 1047 alia
628 983 758 1047 ratione
781 988 902 1060 motus,
928 1000 1142 1065 nequaquam
1165 987 1234 1059 tua,

129 1083 278 1162 Caesar,¹¹
296 1085 443 1149 claustra
462 1084 668 1169 perfregerit,
683 1104 795 1167 neque
816 1084 949 1148 omnino
966 1083 1162 1148 convellerit
1183 1090 1234 1148 tot

130 1187 260 1251 dierum
276 1206 318 1251 ac
336 1188 483 1251 noctium
504 1196 655 1271 receptu,
678 1193 908 1270 recursuque,v
927 1205 1001 1250 cum
1018 1190 1070 1249 tot
1091 1185 1233 1264 interim,

131 1308 200 1372 qua
221 1295 330 1353 terras
353 1288 561 1364 circumfluit,
578 1289 691 1353 littora
714 1289 871 1365 solveret,
891 1289 1048 1372 ripasque
1071 1287 1233 1370 defringe-

131 1398 206 1471 ret;
229 1410 299 1454 uno
320 1391 392 1470 illo,
409 1398 444 1456 ut
463 1411 516 1455 ras
531 1397 592 1469 est,
605 1391 683 1455 loco
698 1397 756 1455 aut
771 1392 926 1474 potentia
943 1399 1061 1455 vestrae
1077 1391 1235 1473 majesta-

131 1493 177 1559 tis
194 1493 342 1571 inserior,
356 1499 415 1557 aut
430 1512 492 1576 pro
507 1492 621 1558 debito
637 1493 736 1556 vobis
751 1493 878 1556 honore
894 1493 1099 1556 clementior.

176 1593 268 1658 Gne.
292 1611 360 1660 vn.
399 1596 430 1658 1.
454 1595 622 1675 XarneS,⁸
644 1603 680 1661 ut
702 1595 817 1673 audio,
833 1595 1013 1659 Persarum
1036 1614 1097 1657 rex
1118 1600 1236 1678 poten·

164 1786 174 1810 t
192 1777 223 1828 Si
239 1779 303 1826 muri
313 1779 389 1842 ntiqui
402 1781 441 1829 ael
456 1778 706 1845 propterfirrnitotem
723 1779 795 1828 orieti
805 1778 950 1836 restiterint,
968 1779 1005 1827 nel
1019 1783 1116 1842 propter
1129 1778 1237 1828 altitudi-

134 1857 185 1893 nem
197 1843 319 1893 machinos
329 1847 477 1908 superarint.

629 1936 780 1958 noeoeane

135 2067 230 2117 cepam
243 2054 311 2118 conj.
324 2053 455 2106 Lirin—4
470 2055 537 2105 Edd.
549 2061 615 2106 veit.
624 2055 647 2104 si
656 2069 709 2117 quc
719 2068 839 2103 murorum
847 2069 857 2112 ;
875 2054 936 2103 Vel.
954 2053 1036 2103 Lirin.
1050 2052 1158 2116 cuspin.
1168 2053 1236 2100 Rbe-

135 2133 194 2169 nan.
207 2119 322 2183 Guelph.
331 2119 374 2169 ed.
388 2120 424 2170 H.
436 2121 529 2184 steph.
540 2127 568 2170 et
581 2127 692 2171 recentt.
703 2122 725 2166 si
736 2135 781 2181 qao
791 2133 918 2168 murorum.
952 2121 1022 2167 ‘Pro
1032 2118 1152 2172 liberatus,
1163 2119 1234 2181 qnod

135 2183 211 2232 estin
223 2183 331 2247 Crispin.
352 2184 468 2236 erenan.
486 2187 577 2247 steph.
595 2185 679 2235 Lirin.
697 2183 783 2233 Paris.
802 2185 888 2248 priore
906 2191 934 2233 et
955 2185 1042 2233 Moerl.
1060 2185 1129 2232 nullo
1150 2197 1237 2244 sensu,

135 2248 268 2298 Livineius
286 2249 432 2312 suspicatur
448 2250 586 2314 legendum
603 2265 661 2300 esse
679 2249 788 2298 libratus.
822 2248 887 2299 Qnae
900 2249 990 2310 lectio,
1003 2257 1030 2298 et
1047 2249 1106 2297 cod.
1125 2249 1187 2296 Put.
1209 2257 1237 2297 et

134 2313 205 2364 Grrd.
218 2313 381 2378 confirmata,
393 2322 420 2364 et
439 2313 465 2364 in
482 2315 598 2378 margine
617 2313 660 2363 ed.
679 2314 763 2362 eren.
780 2314 907 2376 apposita,
926 2322 1108 2377 receptaquea
1126 2314 1238 2372 Baunio,

134 2378 258 2434 Cellario,
271 2378 403 2439 Patarolo,
414 2380 489 2430 nobis
500 2394 601 2445 quoque
611 2387 652 2429 est
661 2378 805 2427 servande?
815 2379 909 2440 Joeger.
943 2378 990 2427 ‘In
1000 2378 1114 2442 Guelplr.
1127 2384 1177 2438 est,
1188 2379 1237 2428 sire

135 2443 281 2493 uberioribm
288 2460 299 2502 ,·
316 2443 402 2493 male!
411 2444 526 2495 Arnlzen.
541 2444 627 2494 Moerl'.
638 2451 666 2492 et
677 2442 746 2492 Gud.
758 2457 824 2504 quem
835 2443 946 2506 respirat.
965 2443 1032 2492 Edd.
1043 2452 1109 2494 vett.
1120 2458 1239 2505 nunquam

134 2512 195 2566 trra,-
211 2509 275 2558 Vet.
289 2510 399 2558 Putean.
411 2509 480 2559 Gud.
492 2510 580 2559 Moerl.
592 2507 705 2570 Guelph.
720 2521 866 2569 nequaquam
876 2514 926 2556 tuo.
962 2508 1071 2570 Cuspio.
1087 2514 1188 2569 receptu,
1200 2522 1238 2555 oc·
1340 2556 1344 2566 ,

134 2587 279 2698 ιιίιιιᾳυιέι
287 2574 373 2624 Banu.
383 2574 457 2625 malit
467 2588 619 2639 excurruque.
652 2574 727 2632 Mox,
739 2573 824 2621 Lirin.
835 2573 901 2636 conj.
913 2573 1068 2637 effringeret
1075 2589 1085 2630 ;
1104 2572 1237 2622 Acidulius

134 2651 159 2686 re
169 2652 256 2700 ringer
282 2671 289 2688 .

635 2734 746 2786 NOTAE
789 2769 791 2773 -

164 2841 175 2866 ⁸
191 2830 323 2898 Libratus]
336 2832 367 2882 ln
376 2833 536 2898 aliislegitur
545 2833 668 2898 liberatus,
709 2845 742 2879 ex
755 2830 836 2879 veteri
848 2831 948 2882 codiee.
981 2833 1050 2882 Nam
1063 2831 1147 2895 reipsa
1160 2831 1239 2880 moles

133 2907 206 2973 quod
218 2921 270 2956 non
282 2907 436 2970 ita-placuit.
708 2909 754 2958 illa
765 2908 875 2957 dissiluit
895 2917 953 2971 post
970 2908 1117 2959 confectam
1135 2907 1240 2972 expedi·

164 2983 251 3034 *aiae
278 2984 443 3048 ulterioribus]
477 2985 558 3034 Maris
587 2991 667 3034 metus
709 2985 819 3032 tionem:
839 2984 906 3046 quod
919 2999 978 3032 mox
991 2984 1074 3033 addit.

133 3060 418 3125 ernmsphtlosophie
429 3063 506 3111 variae
516 3060 668 3112 afferuntur.
741 3067 752 3092 '
770 3061 935 3124 Recursuque]
958 3062 1053 3110 Melius
1070 3059 1182 3111 fortasse
1199 3077 1240 3112 es·
1259 3109 1262 3115 .

134 3136 186 3187 Hic
195 3135 263 3184 dues
274 3137 373 3200 tangit:
391 3137 455 3200 sive,
464 3138 548 3202 inquit
558 3154 573 3187 a
582 3136 668 3186 ventis
708 3151 832 3200 cursuque,
844 3138 869 3186 ld
883 3147 933 3201 est,
945 3137 1027 3199 abitu,
1039 3138 1187 3203 redituque.

135 3212 289 3277 repellatur,
298 3213 381 3277 iisque
389 3215 551 3264 cessantibus
561 3212 668 3274 refluat3
741 3223 753 3249 ⁸
770 3215 879 3279 Xerses]
893 3215 937 3266 Ita
949 3214 1068 3266 referunt
1082 3217 1242 3282 Herodotus,

74 3300 76 3305 '
135 3288 198 3346 tire,
224 3295 253 3338 ut
273 3288 451 3352 Pythagorei,
475 3279 613 3344 Platonici,
640 3295 668 3339 et
709 3289 838 3339 Diodorus
856 3290 970 3353 Siculus,
986 3292 1116 3352 tustinus,
1134 3300 1162 3341 et
1178 3295 1241 3343 Plu·

134 3364 218 3415 Stoici
238 3364 377 3428 putabant,
395 3379 468 3414 mare
488 3365 579 3428 ingens
601 3371 669 3414 esset
709 3368 813 3418 tarchus
833 3368 860 3415 in
881 3367 1004 3417 Tiremist.
1038 3368 1064 3417 Is
1084 3369 1167 3418 Dario
1185 3371 1241 3433 Hy·

135 3440 242 3501 animal,
250 3439 320 3503 quod
332 3455 389 3490 eum
399 3455 428 3490 se
437 3441 567 3490 contrahit
577 3448 606 3490 ut
615 3439 668 3504 spi·
709 3442 804 3504 staspis
813 3441 865 3491 tilio
876 3450 951 3492 natus
962 3445 1064 3506 paterni
1076 3445 1148 3508 regni
1160 3455 1241 3510 atque

74 3550 76 3573 ;
134 3516 213 3566 ritnrn
227 3513 331 3566 hauriat
340 3516 504 3580 animamque
514 3517 603 3579 ducat,
615 3525 668 3566 tum
710 3518 763 3567 odii
771 3520 795 3567 in
808 3519 917 3568 Graecos
930 3519 1021 3581 hares,
1027 3521 1120 3583 juncto
1132 3522 1242 3570 navibus

74 3620 76 3647 ;
135 3599 176 3640 stt
186 3603 327 3639 recessuri
345 3605 403 3640 eum
414 3604 476 3640 vero
492 3590 586 3641 dilatat
602 3605 630 3640 se
641 3598 669 3642 et
711 3593 930 3658 Hellesponto,et
940 3594 1105 3646 Athamante
1114 3596 1241 3660 perfosso,

74 3690 76 3705 ι
137 3666 246 3716 eandem
257 3667 368 3716 animam
381 3666 461 3716 veluti
478 3682 495 3717 a
506 3668 669 3730 pulmonibus
710 3684 769 3720 eum
781 3672 954 3736 septingentis
972 3672 1044 3722 mille
1061 3672 1201 3735 peditibus,
1215 3687 1242 3721 e·

74 3932 78 4079 l

137 3742 264 3805 respirat,
271 3747 327 3792 tum
339 3754 400 3790 vero
411 3748 452 3790 est
461 3755 589 3793 accessus.
607 3743 669 3792 Plu·
710 3746 824 3810 quiribus
833 3748 1029 3811 quadringentis
1038 3749 1168 3799 Granium
1181 3763 1241 3805 eon·

138 3829 165 3866 rs
175 3830 234 3867 aar
250 3816 278 3866 in
295 3829 349 3866 reus
368 3815 450 3866 videri
465 3825 583 3882 possunt,
600 3819 670 3883 apud
712 3821 806 3872 tendit.
838 3823 936 3873 Verum
948 3839 963 3874 a
975 3825 1091 3874 Leonida
1102 3825 1241 3888 Spartano-

74 3884 76 3905 ⁵
139 3893 250 3944 Aristot.
264 3895 380 3945 Mereor.
391 3894 437 3945 lib.
448 3909 480 3946 ιι.
499 3898 569 3948 Plin·
581 3912 612 3949 rr.
629 3902 670 3948 9⁷.
712 3911 767 3946 rum
787 3911 848 3961 rege
865 3898 934 3949 inter
949 3900 1181 3964 Thermopylarum
1198 3915 1242 3949 an·

140 3968 249 4033 Melam,
259 3983 305 4020 ιιι.
317 3975 341 4020 1.
713 3973 812 4036 gustias
824 3972 953 4036 funditur,
964 3977 1110 4040 iterumque
1126 3978 1242 4026 Themis·

168 4045 565 4114 ]NeqsroqsompnraqaomJtun,
579 4050 679 4114 Censor]
713 4051 786 4099 toelis
809 4050 1007 4101 Atheniensium
1031 4051 1105 4101 ducis
1129 4053 1188 4102 dolo
1211 4067 1242 4101 ao

142 4119 236 4172 Melius
245 4135 306 4172 mea
318 4122 424 4186 quidem
436 4125 672 4188 sententiamque·
712 4128 810 4175 virtute
822 4128 854 4176 ad
871 4128 1002 4176 Salamina
1020 4129 1104 4177 victus
1124 4120 1256 4201 fugatus&

142 4211 209 4259 esen
222 4203 268 4251 trra
286 4200 377 4258 casm,
390 4207 420 4252 ut
437 4201 577 4252 restituunt
594 4201 672 4268 aliqui
713 4217 773 4270 que,
785 4204 924 4268 piscatoria
940 4205 1035 4271 scapha
1052 4204 1078 4254 iu
1097 4205 1183 4256 Asiam
1202 4220 1241 4256 re·
