2730 4726
403 312 670 366 cousranrrno
696 316 784 366 auo.
824 316 907 365 vrrr.
931 300 963 364 7.
1140 303 1233 370 1389

125 461 163 546 2.
186 458 319 528 Vidisti
338 461 439 539 enim,
454 480 533 538 non,
548 465 585 526 ut
604 481 663 545 per
683 480 783 542 agros
805 461 945 526 aliarum
962 460 1107 534 urbium,
1123 463 1235 528 omnia

128 568 201 633 fere
222 565 323 639 culta,
341 569 466 647 aperta,
480 563 647 639 florentia,
663 564 740 629 vias
754 563 885 640 faciles,
900 565 1058 646 navigera
1071 564 1234 646 flumina,t

128 668 225 752 ipsas
245 665 446 750 oppidorum
464 650 580 748 portas
599 665 775 746 allrrentia;
799 665 858 730 sed
882 663 998 730 statim
1014 666 1058 729 ab
1072 685 1114 730 eo
1128 667 1234 744 flexu,

129 788 233 854 equo
249 776 427 834 retrorsum
442 768 499 833 via
515 768 607 834 ducit
622 768 657 832 in
677 768 863 849 Belgicam,
879 773 977 832 vasta
992 768 1113 846 omnia,
1129 769 1234 834 incul-

130 879 182 950 ta,
205 871 406 955 squalentia,
432 875 536 947 muta,
558 870 759 946 tenebrosa,t
786 870 888 935 etiam
918 869 1074 934 militaris
1100 870 1158 934 uia
1181 872 1237 952 sit,

132 993 176 1039 ac
198 969 421 1054 confregerat
442 979 478 1037 et
501 973 636 1036 alternis
659 971 851 1036 montibus⁰
874 973 971 1037 ardui
998 970 1110 1036 aditus
1133 977 1235 1055 atque

131 1075 342 1160 praecipites,
372 1081 410 1138 ut
437 1076 498 1140 vix
528 1075 713 1157 semiplena
741 1080 912 1157 carpenta,
937 1074 1103 1139 interdum
1129 1092 1238 1139 vacua

131 1178 367 1243 transmittant.
411 1177 443 1243 3.
467 1176 522 1240 Ex
539 1196 607 1258 qua
624 1195 716 1258 saepe
732 1175 868 1252 accidit,
883 1182 920 1239 ut
934 1175 1101 1258 obsequia
1118 1183 1238 1241 nostra

132 1279 231 1344 tarda
246 1278 339 1355 sint,g
354 1297 430 1347 cnm
444 1297 628 1362 paucarum
644 1279 774 1360 frugum
789 1279 887 1343 nobis
902 1278 1070 1345 difficilior
1084 1277 1129 1341 sit
1142 1299 1237 1343 evec-

131 1383 194 1458 tio,
209 1399 310 1465 qnam
327 1380 449 1444 ceteris
465 1376 728 1463 plurimarum.⁶¹¹
764 1381 797 1444 4.
814 1379 893 1459 Quo
907 1381 1025 1463 magis,
1040 1381 1238 1464 Imperator,

131 1483 252 1568 pietati
276 1489 344 1546 tuae
366 1481 491 1564 gratias
511 1482 649 1564 agimus,
664 1481 735 1564 qui,
750 1501 825 1546 cum
847 1483 951 1547 scires
964 1481 1136 1547 itinerumi
1155 1485 1238 1565 regi·

133 1603 237 1648 onum
252 1591 441 1649 nostrarum
457 1585 596 1658 aditum,
611 1588 714 1665 atque
729 1590 903 1667 aspectum
918 1591 988 1650 tam
1001 1586 1139 1665 foedum,
1154 1593 1238 1651 tam-

134 1706 202 1771 que
230 1704 397 1769 asperum,
421 1694 534 1750 tamen
556 1685 820 1765 illodefleetere‚
841 1695 877 1751 et
898 1690 1014 1754 urbem
1035 1689 1141 1767 illam,
1163 1688 1240 1754 sola

169 1879 181 1903 ⁰
196 1869 275 1930 Aptos
285 1870 315 1918 ad
325 1869 485 1930 navigandum
490 1869 590 1933 fluvios.
722 1868 734 1904 ὓ
750 1856 830 1920 Plena
839 1870 940 1936 silentii,
950 1874 974 1922 et
987 1872 1143 1923 tenebrarum.

171 1942 182 1968 ⁶
199 1935 305 1996 Propter
315 1940 405 1983 montes
416 1935 561 1995 interjectos.

170 1997 185 2031 ὃ
203 1999 263 2047 Cum
270 2012 344 2061 perrea
355 1999 446 2049 cibaria
461 2003 625 2064 transportare
638 2000 705 2049 nobis
715 2000 749 2049 sit
761 1999 892 2066 difficilius,
903 2015 972 2065 qaum
983 2001 1039 2053 alita
1049 2002 1118 2065 longe
1126 2005 1207 2065 ptura.

600 2130 644 2151 On
647 2129 782 2150 ΙΙΜΙΝΟ

134 2211 220 2262 Licin.
246 2209 330 2274 pallus
340 2210 359 2258 i.
376 2213 426 2259 tale
436 2209 486 2273 ipse
499 2209 672 2263 Classen—2
689 2213 776 2262 Moerl.
786 2216 868 2275 portas
877 2212 1006 2264 alluentia.
1022 2212 1140 2262 Rhenum
1152 2211 1243 2276 Steplr.

135 2277 224 2327 Lirin.
242 2275 330 2325 Ririn.
350 2275 382 2323 al.
398 2283 462 2326 vett.
472 2276 564 2339 stenar
581 2279 643 2326 Vet.
662 2278 745 2327 Lirin.
764 2277 865 2326 Berlin.
882 2279 992 2340 Crispin.
1014 2279 1079 2329 Erre.
1096 2278 1243 2329 Schonhav.

135 2343 215 2392 Grnt.
233 2348 261 2390 et
278 2339 339 2388 edd.
354 2348 465 2389 recenti.
476 2341 568 2405 flexa:
590 2351 617 2392 et
635 2343 672 2392 sic
690 2344 758 2406 conj.
776 2340 880 2392 Acidsl.
903 2343 978 2407 fluxa
996 2358 1041 2406 qna
1060 2343 1182 2393 Chassen.
1204 2342 1242 2395 ,Iu

137 2400 252 2519 Ouelpa
263 2413 358 2454 cuncta
370 2414 429 2454 sunt
441 2408 535 2454 omissa
547 2415 605 2468 post
617 2408 731 2458 alluentia
743 2421 823 2470 nsque
834 2408 867 2457 ad
876 2407 975 2458 inculta.
992 2409 1066 2470 Mox,
1077 2413 1101 2458 et
1112 2415 1139 2458 at
1152 2407 1243 2458 ondita·

135 2472 201 2522 rise
221 2472 247 2520 d.
260 2476 326 2519 vett.
340 2469 427 2518 Rirln.
444 2478 470 2519 et
485 2470 582 2532 leger.
608 2471 680 2520 etiam
693 2472 808 2521 militaris
823 2473 886 2523 Vct.
907 2474 991 2525 Livia.
1009 2473 1112 2523 Berlin.
1129 2473 1243 2535 Guelpn.

136 2532 259 2586 Francos.
271 2534 354 2584 Paris.
367 2533 463 2584 cellar.
476 2535 592 2585 Petsrol.
605 2536 721 2586 Gruter
734 2543 844 2586 reeentt.
870 2536 1100 2600 omsdoonsrogosa
1111 2539 1169 2586 edd.
1182 2544 1244 2588 ente

136 2600 231 2651 Arata.
253 2600 293 2648 via
303 2600 335 2648 sit
344 2614 373 2648 ac
382 2599 521 2660 confragosa
530 2600 591 2648 Vct.
604 2601 687 2649 Lirin·
699 2601 801 2650 Berlin.
811 2601 898 2650 Moerl.
910 2602 979 2654 Gad.
1001 2602 1095 2650 eiasitn
1104 2601 1245 2664 ermagora

138 2665 209 2729 conj.
229 2665 315 2714 Lirin.
342 2668 366 2711 et
381 2670 408 2712 at
425 2664 467 2713 aia
484 2664 598 2713 militaris
615 2666 658 2721 sit,
672 2671 700 2714 et
714 2666 854 2727 confragosa
873 2666 951 2716 Grut.
976 2667 1052 2716 ordire
1062 2671 1132 2729 atque
1140 2681 1245 2728 preceps

137 2730 201 2780 edd.
212 2735 273 2778 ente
285 2728 378 2777 Arate.
405 2729 475 2778 ardui
490 2730 571 2778 aditus
587 2735 657 2791 ataae
674 2729 809 2794 precipites
819 2733 882 2780 Vet.
894 2730 956 2780 Pat.
982 2732 1024 2780 sed
1034 2731 1134 2779 alternis
1144 2731 1244 2780 molitas

137 2797 209 2845 ardui
227 2793 310 2843 aditus
323 2798 393 2855 atque
411 2793 546 2856 precipites
565 2793 636 2842 (lud.
655 2802 684 2844 et
702 2797 788 2846 Moerl.
817 2796 885 2845 Vide
902 2797 977 2844 Nott.
991 2796 1068 2845 Varr.
1095 2795 1245 2845 transmittat

138 2859 201 2910 edd.
223 2866 282 2907 ante
302 2856 428 2906 Arntsen.
455 2859 620 2907 transmittant
638 2860 699 2907 Vel.
719 2861 780 2909 Put.
804 2860 874 2910 (lad.
894 2861 1029 2909 Mmrl-l
1047 2857 1118 2909 ord.
1137 2859 1244 2923 Cuspio.

138 2925 258 2973 Rhenan.
271 2921 362 2984 Steph.
375 2922 459 2971 Lirin.
481 2923 736 2986 parvarumsragam3
749 2925 815 2974 Erre.
831 2925 910 2986 Lang·
925 2931 952 2974 et
963 2924 1120 2974 Maricam
1132 2922 1191 2973 edd.
1205 2938 1245 2974 re·

139 2995 223 3052 centt.
240 3001 368 3051 paucarum
379 2985 491 3048 fragam.
515 2987 585 3035 Vide
605 2989 668 3039 Not.
689 2988 834 3054 Delplr.-t
852 2990 965 3038 ‘Potest
984 3003 999 3036 a
1017 2989 1104 3050 glossa
1120 3003 1177 3039 esse
1194 3004 1244 3038 vax

136 3050 268 3115 itinerum?
285 3049 388 3100 Acidal.
415 3051 576 3114 tamsoedum,
593 3056 665 3114 mane
681 3069 789 3116 asperam
805 3054 929 3116 Chaerea.
956 3059 1007 3103 tarn
1023 3054 1063 3103 illo
1076 3053 1161 3102 Lirin.
1173 3061 1200 3106 et
1212 3055 1244 3102 P.
1301 3085 1303 3087 >

138 3119 232 3184 Steph.
256 3121 334 3166 tamen
355 3116 397 3165 illo
420 3115 483 3165 Vet.
506 3116 588 3166 Lirin.
611 3117 720 3181 Cuspln.
743 3119 858 3171 Rhenan.
880 3119 1005 3170 Classen.
1022 3119 1118 3183 aliique
1140 3119 1200 3169 libri
1219 3127 1248 3170 et

640 3241 750 3292 NOTAE

136 3365 139 3370 ·
172 3335 183 3372 ¹
195 3336 241 3388 Via
252 3319 294 3394 sil,
304 3353 332 3388 ae
341 3338 494 3402 confragosa]
509 3337 612 3389 Viasr'la
620 3353 674 3388 een·
716 3353 793 3404 qiiain
806 3341 939 3392 vellemus.

131 3415 237 3478 fragosa
256 3417 351 3466 Lirim*
373 3417 439 3467 Crrrn
456 3418 523 3466 enim
542 3417 590 3466 riae
608 3416 675 3466 mili·
746 3415 871 3468 ¹¹Ceteris
880 3418 1048 3484 plurimarum]
1068 3418 1129 3470 Non
1146 3418 1248 3469 ridetur
1325 3480 1328 3485 ,

140 3500 211 3543 teres
231 3493 316 3555 planae
334 3507 390 3542 esse
408 3494 502 3559 ubique
521 3495 630 3555 soleant,
647 3500 675 3544 et
715 3493 760 3542 ebs
774 3508 802 3542 re
814 3495 874 3543 truie
885 3497 942 3544 loeo
957 3501 1076 3545 attexere
1088 3494 1245 3559 qaodClros·

138 3569 172 3619 ad
184 3572 386 3634 comportandas
401 3577 563 3620 commeatus
576 3569 674 3628 faciles,
715 3569 817 3634 senseras
827 3571 876 3620 troc
891 3570 949 3620 loca
959 3571 1035 3620 addit
1046 3585 1079 3620 ex
1091 3571 1141 3619 Ms.
1153 3570 1248 3624 Horam

139 3645 181 3695 vel
205 3646 246 3694 ria
266 3646 385 3695 militaris
407 3647 475 3710 apud
497 3636 676 3697 AEdrros'eret
715 3648 826 3707 locorum,
844 3646 986 3709 Imperator,
1005 3645 1128 3708 ingenium
1149 3651 1184 3694 est
1204 3645 1248 3694 ltu·

139 3717 305 3783 confragosa,
325 3721 392 3784 quod
421 3721 533 3771 maxime
555 3721 621 3772 fecit
644 3721 675 3771 ed
709 3721 825 3784 jusmodi,
834 3728 860 3772 et
873 3728 896 3771 te
907 3735 987 3771 eorum
997 3726 1115 3784 aspectans
1131 3734 1177 3767 aon
1193 3721 1247 3768 iwr-

139 3798 254 3862 regionis
275 3798 343 3848 illius
365 3799 575 3863 exaggerandam
601 3799 677 3849 mise·
716 3798 851 3846 retraetata
863 3798 896 3846 sit
910 3795 1248 3860 seramitenefieii,reereasre

144 3875 221 3925 riam.
717 3887 772 3922 vera
793 3874 864 3935 plene
883 3887 930 3920 non
950 3872 1060 3933 hominis,
1080 3873 1122 3921 sed
1142 3869 1248 3919 divinem

172 3951 283 4001 ‘Tarda
302 3950 362 4014 sint]
384 3951 422 4001 Ut
441 3949 584 4016 siquando
602 3951 677 4001 abse-
718 3963 775 4011 epus
793 3949 1034 4008 omnessatetrantrrr,
1045 3961 1088 3995 aos
1101 3947 1196 4008 proprie
1210 3946 1249 3996 tre·

139 4027 195 4093 quii
207 4028 287 4077 nostri
299 4028 366 4077 ratio
380 4027 463 4090 exigit
474 4035 504 4078 nt
521 4027 619 4077 ciberis
631 4027 678 4077 tibi
718 4018 851 4073 revelantia
861 4025 960 4072 colomna
968 4021 1119 4084 sempiterna.

139 4112 168 4155 et
190 4111 349 4154 commeatus
382 4102 527 4166 efferemus,
552 4117 601 4153 non
629 4101 685 4151 uisi'
750 4099 903 4163 ¹Itr'neram]
922 4099 1044 4148 Fortasse
1062 4095 1178 4148 abundat
1198 4111 1249 4147 rex

140 4182 212 4245 aegre
229 4189 258 4231 et
279 4180 353 4230 tarde
374 4179 400 4229 id
420 4177 478 4242 fist,
500 4185 579 4244 etque
597 4178 678 4229 serias
718 4178 779 4236 iste.
