2730 4726
45 394 49 405 ι
139 315 226 382 taut
454 327 621 379 uununrr
647 313 947 380 ranuurruous'

138 495 236 541 anum
252 493 331 541 vero
345 473 428 558 quid
442 480 515 539 erat
528 479 650 557 praeter
663 472 899 540 Britanniam?
942 477 975 540 4.
997 474 1088 555 Qum
1104 498 1126 542 a
1141 481 1237 545 vobis

38 610 44 622 ·
136 579 186 644 ite
207 583 404 661 recuperata
424 585 491 656 est,
506 585 547 641 ut
565 576 635 642 illae
654 595 790 660 qnoque
802 578 969 653 nationes,
983 581 1137 644 terminis
1152 583 1238 666 ejus·

137 682 214 746 dem
233 680 353 745 insulae
374 674 611 756 uehementes,k
633 681 756 744 vestris
769 680 908 745 nutibus
923 682 1165 766 obsequantur.
1207 687 1237 751 b.

138 783 244 849 Nulla
256 781 488 866 progrediendi
502 802 606 847 causa
621 791 791 865 superest,
804 784 871 847 nisi
885 784 928 862 si,
943 785 1034 869 quod
1048 792 1171 851 natura
1184 808 1237 852 re·

136 886 214 965 tuit,
233 885 315 950 lines
335 885 447 968 ipsius
469 893 663 968 quaerantur
685 884 826 951 Oceani.
871 886 1008 970 Omnia,
1023 888 1174 972 inquam,
1191 892 1237 955 iu-

135 988 317 1054 viotissimi
338 986 529 1072 Principes,
552 996 665 1052 restra
687 995 779 1067 sunt,
803 1008 880 1072 quae
903 996 983 1055 suut
1003 990 1105 1073 digua
1128 995 1238 1058 vobis.

137 1090 182 1155 Et
199 1090 276 1156 inde
294 1097 357 1171 est,
377 1090 467 1173 quod
489 1089 664 1156 consulere
686 1091 828 1175 siugulis
850 1093 1027 1176 aequaliter
1047 1095 1138 1169 licet,
1163 1115 1237 1161 cum

135 1194 290 1258 universa
306 1194 463 1259 teneatis.

177 1296 267 1363 (ise.
291 1313 381 1362 xxl.
410 1296 442 1362 1.
464 1294 587 1380 Itaque
597 1294 698 1361 sicuti
712 1294 843 1378 pridem
856 1304 928 1374 tuo,
941 1296 1156 1364 Diocletiane
1169 1299 1237 1365 Au·

135 1406 243 1483 gusto,
252 1401 354 1486 jussu
374 1399 510 1466 deserta
530 1397 704 1465 Thraciae¹
727 1400 894 1466 translatis
908 1401 1031 1466 ineolis
1045 1400 1133 1465 Asia
1146 1423 1237 1468 com·

134 1503 250 1587 plevit‚
262 1503 353 1568 sieut
367 1509 488 1586 postea
502 1510 572 1581 tuo,
586 1502 797 1569 Maximiano
817 1503 984 1586 Auguste,
999 1511 1090 1579 nutu,
1114 1504 1237 1570 Nervi-

135 1611 261 1668 orum¹¹¹
286 1612 321 1670 et
343 1604 586 1670 Treverorum¹¹
611 1625 694 1670 arva
714 1606 863 1690 jacentia
888 1606 1004 1672 Laetus
1024 1607 1237 1689 postliminio

133 1707 325 1787 restitutus,
341 1716 377 1774 et
389 1717 548 1794 receptus
562 1709 597 1774 iu
609 1709 703 1792 leges
719 1708 870 1775 Francus
883 1710 1054 1789 excoluit3
1079 1709 1130 1773 ita
1146 1731 1236 1777 nune

133 1830 195 1894 per
215 1810 376 1876 victorias
398 1818 485 1893 tuus,
501 1809 691 1890 Constanti,
706 1810 823 1878 Caesar
843 1812 981 1887 invicte,
997 1812 1164 1896 quicquid
1185 1815 1238 1879 in·

132 1911 287 1998 frequens
313 1913 507 1993 Ambiauo,⁰
533 1922 567 1981 et
591 1914 801 1992 bellovacae
829 1921 865 1979 et
893 1914 1113 1981 'l’ric'ussiunq
1145 1917 1236 1996 solo,

591 2082 604 2100 O
607 2079 711 2100 mun
714 2080 772 2101 oue

132 2193 188 2229 uero
199 2180 260 2229 Vet.
273 2180 356 2230 Lirin.
367 2180 447 2230 babet
457 2185 562 2232 non-l
581 2182 642 2238 Qua
651 2198 666 2231 a
676 2182 742 2231 nobis
754 2179 838 2231 Lirin.
851 2179 934 2230 Paris.
945 2180 1041 2231 Cellsr.
1073 2179 1135 2236 Ques
1145 2196 1162 2229 u
1172 2180 1237 2229 uobis

71 2281 76 2288 .
132 2244 202 2294 Gud.
220 2249 246 2294 2.
267 2245 382 2296 Rbsusn.
401 2248 508 2309 cuspin.
525 2247 616 2309 Steplr.
634 2247 750 2298 Pstsrol.
766 2246 852 2297 Ririu.
870 2250 941 2296 1.-5
958 2247 1024 2296 Vae.
1034 2247 1111 2310 ipsius
1120 2246 1199 2295 deest
1209 2248 1236 2295 in

133 2309 195 2358 Vst.
208 2309 291 2359 bitin.
316 2311 392 2374 digno
400 2317 456 2360 sust
466 2311 530 2360 sellis
540 2312 644 2362 Berlin.

166 2374 233 2423 cnr.
247 2387 309 2424 ιιι.
326 2377 461 2435 rengno
472 2376 545 2425 deest
558 2377 583 2426 in
596 2376 709 2437 Guelplt.
730 2377 801 2436 jussu
810 2376 927 2440 suppleuit
938 2374 998 2423 edd.
1015 2381 1079 2424 vett.
1105 2374 1135 2423 ri
1145 2378 1238 2440 supple·

132 2439 169 2489 nit
180 2440 255 2487 deest
266 2440 292 2488 iu
304 2441 366 2490 Vet.
379 2441 491 2490 Puteeu.
514 2442 622 2504 implerit
633 2442 710 2492 babet
728 2442 830 2490 Bertiu.
856 2441 978 2505 conpleuit
989 2441 1075 2489 Moerl.
1089 2450 1116 2488 et
1127 2441 1200 2491 Gud.
1214 2447 1238 2493 l.

131 2508 157 2553 2.
176 2505 278 2553 ‘Etiam
299 2506 370 2555 delet
386 2505 500 2571 Guelpb.
517 2507 566 2556 boe
586 2509 654 2568 loco,
673 2515 701 2557 et
717 2521 777 2556 mox
795 2508 895 2568 inserit,
911 2509 954 2555 ubi
967 2504 1044 2554 vide!
1061 2506 1149 2567 Amtz.
1174 2507 1236 2556 Asis

131 2570 325 2632 compleantur.
347 2572 457 2622 Putean.
478 2573 591 2638 Guelpb.
618 2578 678 2622 nuta
695 2572 770 2624 abest
791 2574 816 2622 in
831 2573 933 2621 Bertiu.
962 2571 1014 2619 Pro
1033 2572 1189 2627 Neruiorum,
1206 2579 1236 2621 nt

131 2635 201 2697 conj.
213 2635 314 2687 Acidat.
326 2646 353 2688 rt
370 2638 453 2688 edidit
469 2639 553 2688 Lirin.
570 2646 597 2688 et
612 2637 679 2702 quod
697 2654 764 2687 nnnc
775 2637 877 2687 demum
890 2635 1025 2687 coufirmat
1037 2636 1152 2698 Gnelpb.
1169 2637 1235 2686 Her·

130 2701 223 2749 riorum
234 2701 341 2752 edidere
359 2704 474 2754 erenan.
490 2712 516 2754 rt
534 2704 570 2753 Η.
587 2704 678 2767 Stepb.
707 2705 853 2754 Hemimrtm
873 2705 906 2751 nl.
926 2703 986 2752 edd.
1013 2703 1077 2750 uelut
1087 2703 1235 2764 postliminio

130 2766 196 2816 Ere.
209 2767 289 2831 Luug.
319 2770 474 2819 Constantine
484 2770 597 2831 Guelpb.
608 2777 635 2819 st
644 2769 704 2819 edd.
720 2778 784 2819 vett.
812 2769 938 2817 Constanti
948 2769 1013 2816 Ere.
1026 2767 1108 2827 Lang.
1126 2768 1236 2832 Cuspio.

130 2831 196 2881 Eue.
207 2833 352 2883 Sclroubov.
381 2836 521 2896 messius
540 2836 601 2883 vet.
617 2834 730 2885 Putesu.
759 2834 892 2883 Trieusss'ro
904 2835 964 2882 Vet.
977 2833 1058 2881 bitin.
1073 2834 1138 2881 Exe.
1152 2835 1236 2895 Laug.

130 2904 158 2947 et
175 2897 291 2950 Pithoeus
309 2900 377 2949 Adv.
390 2914 422 2950 ιι.
437 2905 460 2951 1.
487 2900 626 2962 Trigustiuo
643 2901 703 2952 edd.
720 2908 786 2950 vett.
803 2914 885 2964 usque
907 2898 937 2948 ed
956 2898 1034 2948 Grut.
1060 2898 1127 2947 Burs
1145 2901 1236 2949 sutton

625 3065 736 3117 NOTAE

162 3157 173 3192 ¹
190 3161 279 3210 Insuloe
286 3161 442 3226 coherentes]
456 3162 590 3226 Hibernia,
598 3165 660 3214 Seo-
702 3164 877 3226 Eburonibus,
894 3163 1010 3225 libemis,
1027 3163 1232 3213 Mediomatrici·

131 3237 239 3298 timbre.
702 3239 882 3290 busfinitims.
912 3239 1232 3303 Htrjusurbisurclriepir·

163 3314 169 3347 ¹
194 3315 313 3379 Tiresia]
339 3316 423 3380 Regio
449 3318 518 3365 inter
544 3319 660 3381 AEgaerrnr
701 3331 780 3379 copus
801 3332 865 3366 uuus
888 3322 928 3365 est
949 3328 984 3363 ex
1005 3316 1165 3364 electoribus
1187 3318 1233 3367 im·

128 3387 210 3455 mure,
226 3393 425 3457 Propontidem,
440 3403 467 3443 et
482 3395 595 3446 Pontum
608 3397 660 3446 Eu·
701 3393 778 3457 perii.

128 3469 227 3519 sinum.
733 3467 889 3530 osannae]
908 3466 1092 3517 Ambianorum
1110 3468 1182 3526 urbs,
1200 3473 1233 3519 Α·

160 3551 179 3578 ¹¹¹
197 3544 353 3607 Neruiorum]
369 3546 462 3595 Nervii
476 3562 535 3596 ceux
552 3549 584 3598 dn
596 3563 656 3613 pays
702 3543 786 3605 miens,
797 3545 822 3592 iu
835 3544 940 3592 Gellia:
958 3542 1087 3592 Picsrdiae
1099 3555 1191 3606 eaput,
1202 3546 1233 3595 ad

127 3623 156 3670 de
177 3619 304 3686 Huynutst,
321 3621 412 3685 populi
426 3622 521 3672 Gallia
541 3624 655 3690 Belgium
703 3624 838 3672 Somonam
849 3619 965 3678 flurium,
980 3621 1043 3670 alias
1054 3620 1233 3680 Samarabriae,

127 3697 160 3748 sd
177 3697 300 3755 Scaldim,
317 3696 497 3760 Atrebatibus,
513 3697 657 3758 Ambianis,
700 3700 733 3750 ds
746 3716 796 3765 qrra
807 3701 907 3750 Tullius
924 3701 972 3764 Ep.
989 3713 1041 3749 vu.
1057 3703 1097 3749 16.
1115 3700 1149 3748 ad
1166 3702 1231 3751 Tre·

126 3775 275 3838 Adriatieis,
286 3775 407 3836 Morinis,
420 3777 658 3840 Verouruuduis,ae
698 3778 796 3828 betium
815 3777 1053 3828 Jurisconsnlttrru:
1071 3776 1140 3826 ‘Est
1162 3777 1231 3840 quod

126 3853 246 3903 Treveris
263 3853 384 3913 finitimi3
404 3867 509 3918 qtrorum
523 3856 585 3905 urbs
595 3857 658 3906 Tor·
698 3858 820 3922 gsrrdeus.
849 3858 960 3906 Constat
971 3857 1038 3904 enim
1051 3856 1121 3904 iuter
1133 3871 1231 3918 omnes,

127 3944 230 3981 usuum.
264 3933 304 3981 De
315 3932 355 3980 his
365 3945 435 3993 srepe
445 3931 535 3981 Caesar
546 3932 571 3982 in
582 3934 658 3985 Corn·
699 3935 826 3984 nemiuem
844 3941 871 3983 te
888 3948 938 3982 uuo
959 3933 1149 3982 Samarobriuae
1162 3934 1229 3997 juris

128 4007 271 4057 menteriis.
698 4011 847 4074 peritiorem
868 4008 944 4059 esse.'
977 4010 1020 4058 De
1042 4010 1230 4060 Samarobrinu

158 4090 171 4115 ¹¹
188 4083 354 4149 limenorum]
365 4083 484 4148 Treveri,
493 4085 586 4147 lienes,
598 4086 658 4136 urbs
699 4102 769 4152 sape
781 4087 858 4148 etium
871 4089 969 4136 Cesar.

127 4158 221 4208 Gallim
233 4160 392 4221 Belgiemad
410 4161 544 4212 Mosellam
560 4164 657 4212 incon·
731 4170 744 4205 Ρ
772 4163 910 4227 Bellunum]
938 4163 1136 4213 Bellovacorum
1161 4165 1229 4221 urbs,

126 4234 657 4306 finibnsGermruiae‚Nerviir,Menrpiis‚
698 4239 820 4293 Bannnuis
835 4238 861 4289 iu
880 4238 975 4295 Gellia,
996 4239 1027 4289 sd
1045 4239 1159 4291 'lberam
1178 4257 1229 4294 sm·
