2730 4726
454 312 620 367 ruarnuo
644 313 732 362 nuo.
774 311 830 360 xr.
852 296 905 360 21.
1141 298 1228 365 1527

127 458 325 548 hujusmodi
341 457 506 525 dedecore
526 474 592 523 non
611 456 721 534 imbri,
735 475 803 521 non
818 457 909 539 gelu,
924 476 989 521 non
1007 457 1229 522 amaritudine

128 562 388 650 ipsiusinjuriae
413 561 576 626 deterreri.
619 561 652 624 6.
677 560 838 637 Demissi,
857 560 1082 644 jacentesque
1100 562 1157 625 vix
1173 560 1234 626 aa·

97 663 98 666 '
128 671 204 754 pita
218 687 321 748 supra
335 685 461 740 eorum,
479 685 565 749 quos
579 665 814 748 precabantur,
831 684 914 745 genu
931 665 1136 728 attollebant.
1174 665 1232 729 Ad

128 778 345 853 postremam,
358 769 502 833 honores
516 788 583 832 non
592 767 735 853 judicio,
755 774 813 833 aut
825 767 1059 833 benevolentia
1073 769 1233 851 superbo-

128 892 216 948 rum,
230 872 292 936 sed
305 871 539 937 misericordia
554 873 775 937 merebantur.
867 952 870 960 ¹

175 973 267 1039 Cae.
282 991 371 1043 xxr.
408 973 440 1039 1.
464 975 511 1039 At
525 995 616 1039 nuno
634 974 792 1060 quisquis
806 972 1011 1056 provincias,
1028 972 1232 1054 tribunatus,

129 1079 361 1164 praeseeturas,
378 1077 578 1145 consulatus
594 1078 696 1161 cupit,
711 1076 792 1141 nibil
812 1096 951 1140 necesse
970 1082 1030 1152 est,
1054 1078 1234 1158 pecuniam

130 1201 191 1266 per
202 1181 256 1245 tas
276 1187 308 1244 et
327 1179 423 1245 nefas
440 1186 583 1263 quaerat,
599 1199 640 1243 uc
656 1180 841 1244 libertatem
862 1199 956 1243 suam
973 1179 1140 1243 salutator
1154 1180 1234 1245 vilis

129 1284 318 1349 imminuet.
344 1281 500 1361 Quanto
522 1281 621 1347 suerit
638 1283 787 1365 paratior
805 1282 970 1357 servituti,
990 1289 1086 1347 tanto
1107 1282 1233 1347 honore

131 1387 302 1468 auguror
315 1385 552 1469 Juarcanaurr
595 1384 629 1450 2.
651 1385 740 1449 uum
761 1385 849 1450 anua
869 1385 1039 1470 quoddam
1060 1368 1238 1451 nominum

130 1509 240 1574 genus
253 1495 308 1553 est
321 1489 356 1553 in
372 1489 522 1553 amicilia
536 1487 709 1571 Principis
719 1489 836 1569 nostri,
846 1489 937 1566 rude,
949 1487 1002 1571 (ut
1014 1488 1148 1552 urbanis
1158 1489 1236 1553 istis

131 1592 288 1670 videtum)
307 1610 425 1679 purum
443 1611 552 1668 come,
570 1593 817 1673 subrusticum
840 1591 1082 1656 blandimentis
1097 1590 1232 1655 adulan-

131 1694 217 1758 tium
233 1702 407 1776 repugnat,
431 1695 586 1776 pecuniae
606 1715 684 1758 vero
707 1696 837 1773 alienae,
857 1703 1016 1777 tanquam
1037 1694 1235 1770 raineria,

130 1803 262 1862 tactum
276 1796 488 1876 reformidat3
511 1797 679 1861 maximas
694 1817 776 1880 opes
798 1798 834 1861 in
850 1796 1048 1880 reipublicae
1064 1796 1183 1873 salute,
1201 1801 1235 1858 et

131 1899 282 1982 gloriosa
296 1897 514 1982 Imperatoris
530 1899 585 1963 sui
600 1899 699 1964 laude
715 1900 918 1964 constituit·
937 1898 971 1964 3.
992 1899 1016 1963 J
1019 1919 1073 1964 am
1087 1899 1163 1982 ipse
1184 1898 1234 1960 in·

131 2001 223 2084 genti
247 2001 428 2086 divinaque
452 2001 687 2086 providentiaq
724 2001 884 2076 adversus
905 2020 1024 2066 omnes
1045 2007 1241 2064 assentatu·
1330 2076 1334 2082 ¹

132 2111 208 2170 uum
231 2104 423 2182 illecebrae,
450 2105 697 2187 captionesque
723 2105 872 2171 munitus
894 2111 956 2168 est.
1000 2101 1138 2186 Quippe
1159 2102 1189 2166 ei
1214 2121 1238 2166 a

130 2207 257 2272 incutis
279 2206 489 2271 adulantium
512 2207 652 2271 venenis
673 2207 765 2291 quod
783 2208 970 2290 perieulum
985 2214 1050 2282 est,
1066 2206 1125 2290 qui
1137 2225 1240 2270 aures

131 2311 236 2375 etiam
255 2309 343 2374 veris
366 2307 524 2374 laudibus
546 2317 706 2392 gravatus
724 2310 941 2395 impartiatl⁰
983 2312 1016 2374 4.
1039 2308 1109 2374 Sed
1125 2310 1234 2375 multo

165 2503 179 2528 ⁰
195 2495 280 2558 Neque
287 2493 349 2545 enirn
360 2495 564 2552 metuendumne,
575 2493 684 2553 »refulsis
694 2499 867 2545 animatorum
874 2495 1021 2546 sermonibus
1032 2496 1085 2560 aopi
1096 2496 1194 2545 resinat
1206 2496 1237 2554 is,

132 2559 258 2624 quietiora
268 2573 333 2622 agre
342 2574 411 2609 aureo
420 2559 525 2624 probeat
539 2559 603 2608 amis
613 2559 797 2609 laudationibus.

593 2683 779 2705 MWM

131 2775 150 2819 5
166 2769 281 2833 Gaelplr.
297 2783 343 2818 noa
353 2767 507 2832 tamira—6
523 2768 592 2819 Eiid.
608 2775 674 2819 vert.
687 2785 766 2832 genua
785 2769 897 2820 tollebant
903 2787 913 2828 ,·
930 2771 991 2820 Ver.
1007 2769 1092 2819 Livia.
1110 2770 1197 2819 Moerl.
1210 2776 1241 2818 et>

133 2835 249 2896 Guelplr·
261 2849 326 2895 gerru
340 2834 486 2886 attolmtaal.
518 2836 572 2884 Pro
588 2837 748 2900 merebantur,
765 2836 879 2899 Guelplr.
892 2836 972 2886 habet
983 2835 1149 2894 terrulentum
1167 2836 1237 2884 uude

133 2899 227 2955 Arata.
239 2898 308 2962 coni.
322 2899 470 2948 tenebantur.
601 2946 604 2950 .

169 2965 238 3017 cue.
249 2977 312 3015 xxi.
339 2969 353 3014 1
367 2964 450 3014 Livia.
464 2978 508 3028 per
519 2963 682 3028 smqaormr
691 2965 794 3016 Puteal.
807 2966 903 3028 persar
914 2971 939 3016 at
949 2965 1016 3024 nefas
1025 2971 1158 3029 puerant,-
1174 2966 1237 3015 Ver.

133 3031 220 3080 lirin.
233 3029 340 3092 cuspin.
352 3029 469 3080 Rhenun.
483 3029 525 3078 alii
537 3029 614 3080 codd.
630 3039 659 3080 et
677 3031 738 3081 edd.
753 3031 849 3094 persae
861 3037 886 3081 et
900 3030 968 3092 amaa
984 3036 1086 3093 quaerat.
1118 3031 1236 3080 lineam.

133 3095 170 3147 Η.
181 3094 310 3158 Stupuere
321 3094 407 3145 Rivin.
419 3100 442 3144 1.
457 3095 560 3144 iamiar
569 3096 642 3154 ellim
659 3096 780 3148 Votieno.
792 3105 819 3146 et
828 3097 862 3146 al.
877 3099 995 3147 salutator·
1004 3096 1079 3145 oilie.-
1100 3095 1157 3146 Pro
1167 3097 1238 3156 jadi-

132 3161 238 3216 aanor.
247 3159 315 3222 qrrod
324 3167 431 3211 tuentur
439 3160 500 3209 Vei.
509 3159 619 3211 Piraeon.
628 3162 730 3212 Berlin.
743 3163 809 3212 Eue.
822 3161 1236 3225 sntron.Moer1.uud.erJeger.

133 3224 289 3275 mammam
301 3225 407 3290 Cuspio.
428 3224 550 3276 meatim
562 3228 619 3276 alia·
631 3226 742 3276 edd-2
752 3227 906 3290 Vomparam
916 3229 992 3278 deest
1003 3227 1029 3275 in
1041 3227 1145 3276 Puteol.
1156 3228 1244 3281 Rhene

133 3289 173 3345 H.
183 3299 212 3340 ut
224 3290 256 3339 P.
268 3290 359 3354 Steplr.
371 3290 457 3341 Riuin.
477 3290 539 3339 item
551 3291 577 3339 in
588 3292 649 3341 Vet.
661 3292 745 3342 Lisia.
761 3300 835 3342 extat
847 3307 908 3342 vero
919 3292 946 3343 in
959 3292 1021 3340 Ver.
1038 3291 1152 3347 Paleou.
1169 3294 1237 3343 Ber·

133 3355 262 3409 limma
275 3355 356 3420 hung.
369 3357 434 3407 Eue.
452 3355 596 3406 Sebonlrou.
609 3356 720 3421 Guelpb.
737 3358 844 3421 Cuspio.
860 3357 939 3408 Grau.
949 3365 978 3406 et
990 3364 1102 3408 recenti.
1118 3373 1244 3411 commune·

134 3434 185 3483 pro
196 3435 259 3469 aomo
270 3420 353 3478 Livia.
369 3423 492 3473 adulatum
500 3427 618 3484 repugnat
627 3422 742 3487 Guelph.
756 3423 862 3486 picturiae
871 3424 955 3474 amaa
965 3423 1068 3474 Berlin.
1081 3423 1122 3474 mi
1132 3425 1242 3474 iaaoaim

132 3492 215 3535 mlum
226 3486 341 3551 Rhenan.
353 3487 445 3550 Steph.
459 3486 541 3536 Livia.
554 3488 642 3537 Riviu.
655 3492 678 3538 1.
694 3489 731 3537 rei
740 3487 845 3538 innoxio
863 3493 953 3539 tactum
971 3490 1056 3539 Rivin.
1068 3495 1093 3539 2.
1110 3491 1148 3538 rei
1158 3490 1236 3538 noxio

134 3556 227 3600 tactum
238 3551 300 3599 Vet.
311 3551 420 3601 Patean.
432 3551 545 3615 Guelplr.
554 3553 618 3602 Erro.
630 3555 774 3603 Sebonhov.
785 3554 863 3603 Grut.
875 3562 903 3603 et
913 3563 1025 3605 reeentt.
1042 3560 1065 3604 et
1074 3553 1174 3617 gloriosi
1184 3556 1236 3602 Pn-

134 3619 200 3667 teol.
210 3615 320 3685 Cuspio.
331 3618 447 3666 Rhenan.
460 3616 494 3665 Η.
503 3623 531 3666 et
542 3619 574 3667 P.
583 3619 675 3683 steph.
685 3621 768 3669 Liuin-
776 3619 862 3669 Rivin.
871 3624 934 3687 ¹2³5
941 3621 1046 3685 gloriosa
1056 3623 1115 3681 Ver.
1125 3621 1237 3683 Peteon.

135 3682 200 3732 Vol.
212 3680 296 3730 utem.
307 3676 408 3731 Berlin.
419 3682 532 3744 Guelph.
544 3683 623 3733 Grut.
635 3674 838 3734 enecante-'t
848 3684 901 3734 Pro
909 3670 1071 3749 mandentia,
1083 3684 1196 3747 Go‘elph.
1209 3690 1237 3733 et

135 3745 227 3801 Berl-
240 3747 335 3798 bahent
347 3747 489 3812 prudentia-
517 3747 591 3813 Mox,
602 3749 708 3814 Cuspio.
724 3751 870 3800 adulantum.
903 3749 1015 3815 Grrelplr.
1030 3750 1171 3812 importial;
1188 3764 1237 3814 pro

633 3877 740 3928 NOTAE

135 3991 243 4034 mmuoo,
261 3981 291 4025 ut
307 3975 435 4027 'observat
457 3976 559 4040 Lipsius
580 3977 664 4040 Epist.
706 3990 757 4042 que
768 3982 809 4025 eat
820 3976 846 4025 in
857 3974 972 4024 editione
983 3973 1131 4022 Viennensi.

117 4108 121 4116 ⁸
135 4057 239 4108 mmet.
252 4065 294 4102 ur.
303 4041 355 4105 ut.
738 4062 751 4096 ‘³
764 4053 997 4116 lugeatidioiaaqae
1003 4050 1164 4114 prouidentia]
1175 4050 1238 4100 Aer·

134 4164 137 4171 .
152 4129 347 4183 radamantum
354 4128 498 4192 [oooabitur]
508 4129 667 4192 Bougarsirro
706 4127 789 4179 dalius
806 4131 879 4194 legit,
895 4128 989 4191 lugenti
1003 4127 1143 4191 diutinaque
1157 4131 1242 4194 proni·

134 4217 163 4260 et
180 4207 310 4262 Gruterus
328 4205 594 4277 leguntjudieolitorr
612 4207 664 4259 itu·
705 4206 795 4259 acatia
1205 4218 1210 4223 ·
