2730 4726
425 333 695 384 cousrnarmo
719 332 809 383 auu.
844 331 883 382 x.
899 317 931 383 2.
1142 313 1227 380 trit

124 488 209 552 sunt
235 481 355 546 merita
384 478 594 565 Principum,
623 498 725 562 quam
756 483 872 561 optata
901 482 1065 544 votorum.
1106 479 1139 543 6.
1162 478 1230 543 Eat
1303 554 1306 557 ,

130 590 213 672 quin
227 586 330 650 immo
345 585 379 648 in
395 583 594 648 immensum
610 582 720 646 felicis
739 599 857 645 cursus
877 581 1019 665 imperii,
1035 601 1099 646 nec
1112 582 1231 648 huma·

128 708 250 754 norum
280 687 437 751 terminos
468 693 594 764 curent,
625 686 682 769 qui
709 703 844 767 semper
878 684 992 749 divina
1021 684 1230 749 meditantur.

130 793 231 856 Certe
245 790 433 874 cupitorum
456 787 538 859 irriti
555 807 619 851 non
635 805 764 863 sumuS,
781 785 850 869 qui,
864 800 940 849 cum
953 790 1109 869 optemus
1122 786 1231 850 maxi·

129 914 201 972 ma,
218 893 251 959 id
267 889 452 958 faciamusf
466 889 652 972 benignius,
669 908 769 972 quam
786 888 958 969 securius3
983 887 1084 972 quod,
1099 895 1233 971 propter

130 996 306 1062 coelestem
325 996 359 1059 in
382 995 441 1060 illo
464 993 625 1070 favorem,
641 997 709 1056 tam
732 997 825 1056 certa
845 987 1053 1074 adipiscendi
1074 1010 1154 1073 spes
1169 996 1233 1067 est,

129 1118 233 1182 qnam
249 1097 388 1182 optandi
404 1098 515 1161 soluta
528 1095 688 1159 libertas!
722 1095 755 1159 7.
780 1093 856 1157 Has
872 1094 971 1175 igitur
984 1093 1235 1174 gratulationes,

131 1220 211 1284 quae
227 1201 454 1284 praesentibus
470 1200 669 1274 excitantur,
686 1215 831 1281 quaeque
849 1195 1059 1279 superiorum
1074 1196 1236 1259 memoria

132 1305 259 1386 vigent,
278 1310 335 1367 aut
351 1321 434 1384 quas
448 1302 483 1364 in
498 1308 669 1383 posterum
692 1297 935 1362 redundaturas
958 1297 1118 1379 cogitatio
1134 1297 1236 1362 avida

130 1400 356 1486 depascitur!
366 1403 442 1484 quis
458 1401 603 1464 omnium
619 1405 722 1483 queat
740 1399 1005 1481 flagrantissimis
1028 1399 1236 1463 audientium

131 1504 258 1570 studiis
286 1504 482 1567 satisfacere
507 1502 675 1567 diceudoi
709 1502 742 1567 8.
764 1500 844 1567 Jam
871 1520 961 1579 vero,
986 1521 1062 1566 cum
1082 1503 1236 1586 publicas

134 1612 266 1670 tantum
282 1604 451 1668 utilitates
473 1603 632 1686 amplecti
652 1603 765 1681 velim,
782 1609 816 1668 et
830 1605 1063 1687 unusquisque
1082 1604 1238 1687 privatim

136 1727 216 1773 suas
232 1707 368 1788 cogitet,
389 1705 605 1770 tremebunda
626 1705 816 1788 proseratur
835 1707 954 1783 oratio,
974 1726 1052 1790 quae
1068 1706 1173 1770 tacita
1187 1725 1237 1770 re-

135 1809 309 1896 putatione
324 1806 494 1872 vincenda
510 1813 575 1870 est.
618 1805 649 1869 9.
673 1805 714 1868 In
730 1806 816 1889 ipsis
832 1808 932 1871 etiam
948 1807 1108 1889 publicis
1126 1817 1238 1888 gesto·
1336 1813 1339 1818 ’

134 1931 211 1974 rum
236 1910 411 1991 ingentium
437 1907 590 1993 professa
618 1907 795 1974 laudatiog
822 1906 989 1991 augendih
1021 1907 1239 1993 cupiditatem

169 2121 180 2146 θ
196 2111 319 2174 Expedita
329 2110 434 2160 tibertus.

163 2175 181 2218 f
198 2177 231 2225 Et
249 2191 302 2238 quc
319 2177 451 2239 preteritae
459 2172 590 2234 felicitatis
608 2174 771 2226 recordatione
784 2174 930 2239 animantur,
949 2179 990 2225 aut
1008 2190 1059 2239 quoe
1075 2189 1139 2227 meus
1155 2175 1240 2240 cupida

134 2241 247 2306 praecipit
257 2243 313 2291 oiim
323 2240 474 2291 &undanter
482 2241 644 2303 percipienda.
728 2275 731 2288 .

135 2527 160 2560 o.
169 2509 326 2560 constiterunt
333 2522 344 2566 ,⁰
355 2513 384 2557 ut
395 2507 568 2570 conj.Meure.
578 2506 685 2556 Auctar.
693 2508 788 2557 Philet.
796 2524 818 2560 c.
827 2512 919 2561 an-tt
931 2511 964 2559 Et
973 2510 1029 2574 quin
1037 2509 1242 2558 immoimmeruur

138 2577 251 2624 Puteun.
265 2572 381 2622 Rhenau.
392 2572 428 2622 Η.
438 2572 851 2635 etP.sreph.Ltvin.1ttvtn.1.a.
871 2576 916 2624 Est
928 2576 1059 2638 quinimmo
1066 2575 1192 2623 immensae
1199 2576 1243 2624 ed.

138 2640 242 2690 Gener.
254 2651 295 2686 un.
306 2639 380 2686 1638.
391 2637 508 2686 Paterni.
519 2639 644 2698 probante
655 2635 758 2686 Acidai.
788 2639 838 2688 Eat
848 2639 905 2701 qaia
915 2640 985 2689 immo
994 2640 1053 2689 Vet.
1061 2640 1171 2688 Putean.
1180 2640 1242 2688 Vei.

138 2705 225 2755 Lirin.
235 2703 341 2764 Cuspio.
353 2703 418 2751 Ere.
427 2703 507 2762 [rung.
521 2703 585 2751 Ere.
595 2700 737 2750 Scirouhcv.
748 2703 836 2753 Moeri.
847 2703 925 2754 Grut.
934 2712 961 2753 et
969 2711 1080 2753 recentt.
1107 2703 1134 2752 r‘rr
1145 2704 1243 2752 immea-

137 2784 192 2818 eum
202 2767 265 2816 Vei.
284 2765 365 2815 Livio.
377 2766 462 2815 Moerl.
477 2766 541 2816 Ere.
552 2767 696 2816 Sebonhov.
709 2766 823 2830 Guelph.
839 2769 941 2818 Bertiu.
953 2770 1060 2831 Cuspio.
1072 2768 1150 2818 Grut.
1163 2776 1190 2816 et
1203 2781 1242 2815 re-

139 2839 223 2883 erntt·
247 2831 362 2880 terminos
371 2834 454 2880 aaroni
465 2831 581 2879 Rhenan.
594 2830 679 2879 Lirin.
694 2831 810 2882 Patarci.
839 2833 952 2882 terminos
962 2840 1027 2884 curet
1039 2834 1145 2895 Cuspio.
1172 2840 1191 2882 t.
1202 2847 1243 2881 eu·

138 2904 179 2948 rat
192 2897 256 2946 Ere.
269 2895 413 2944 Srhuuhov.
442 2899 460 2944 t·
471 2901 553 2944 careat
564 2896 624 2943 Vct.
636 2897 746 2944 Putean.
759 2897 819 2946 Vet.
828 2897 911 2946 Lirin.
921 2898 1035 2960 Guetplr.
1044 2899 1145 2947 Bertiu.
1154 2897 1244 2947 Muri.

140 2968 169 3011 et
189 2961 251 3010 edd.
265 2966 379 3009 receutt.
404 2960 534 3009 meditatur
551 2961 616 3008 Ere.
635 2960 782 3011 Scironhor.
801 2967 828 3010 et
844 2962 950 3024 Cuspio.
976 2963 1166 3022 ittadfaciamar
1183 2962 1245 3011 Vct.

140 3028 256 3077 Puteum.
277 3024 382 3085 facimus
399 3024 466 3087 conj.
484 3023 635 3072 deidei-7
654 3025 721 3075 Edd.
734 3033 798 3074 vett.
813 3027 881 3089 quasi
895 3028 1046 3091 inposterum
1063 3030 1243 3085 redundatura;

139 3091 259 3141 Rirenau.
270 3097 298 3138 et
309 3088 396 3138 Lirin.
408 3088 509 3136 emend.
534 3088 627 3152 querire
637 3095 755 3152 porterum
765 3093 948 3144 redundaturar.
977 3095 1051 3156 Mox,
1061 3093 1114 3156 quis
1122 3093 1243 3142 dominnm

140 3159 212 3220 queat
233 3153 300 3217 conj.
325 3152 410 3202 Lirin.
428 3153 635 3216 flagrantissimae
657 3154 820 3218 naemu-a
842 3158 928 3206 Lirin.v
948 3160 1015 3220 conj.
1037 3165 1061 3206 et
1083 3157 1244 3206 tremebunda.

140 3222 235 3280 ‘Lege
246 3216 391 3282 proferetur,
410 3225 455 3267 aut
469 3217 615 3266 addendam
628 3220 688 3275 erit,
700 3234 791 3269 necesse
802 3226 836 3269 ert
849 3222 999 3272 tremebunda
1010 3222 1142 3285 proferetur
1153 3221 1246 3268 oratio!

140 3282 247 3336 detaut.
273 3282 342 3330 Vide
361 3281 439 3332 Noti.
458 3283 583 3331 Vara-9
600 3281 714 3348 Guelph.
730 3290 850 3346 gestorum
866 3288 1015 3346 negotiorum
1029 3285 1177 3346 ingentium
1198 3284 1245 3332 red

141 3347 241 3398 additis
253 3345 365 3409 punctis,
383 3346 438 3395 rire
453 3354 517 3395 nota
530 3346 564 3395 de
576 3361 640 3396 vnce
651 3350 798 3410 negotiorum
808 3351 928 3398 delenda.
962 3352 1036 3411 Mox,
1054 3365 1123 3412 quam
1140 3348 1245 3409 augendi

140 3413 205 3464 edd.
222 3424 311 3461 omnes
330 3419 391 3459 ante
408 3412 492 3460 Baua.
518 3426 589 3473 qaam
606 3412 681 3463 deest
700 3414 725 3461 ia
744 3415 802 3463 Vet.
821 3415 933 3464 Putean.
952 3415 1011 3464 Vet.
1029 3415 1112 3464 Lirin.
1131 3413 1245 3476 Gaelph.

140 3477 231 3529 Moeri.
244 3475 351 3540 Cuspiu-
361 3475 463 3525 Bertin.
491 3476 593 3527 ‘Codd
613 3477 752 3528 obsecutus
768 3478 830 3528 iilud
849 3480 922 3528 exire
934 3480 1017 3563 pirron
1037 3481 1113 3542 piane
1124 3479 1191 3527 eninr
1204 3485 1246 3527 est

141 3541 285 3605 sententie,
302 3550 425 3608 tanquam
441 3542 584 3607 legeretur,
602 3545 718 3611 quamvis
737 3559 790 3609 pra
807 3558 835 3594 se
853 3543 932 3594 ferat.
956 3545 1046 3616 Arata.
1074 3558 1126 3593 cam
1143 3542 1246 3605 augendi

646 3711 754 3764 No'rAE

176 3820 187 3855 ¹
202 3820 368 3888 Idsocr'arrur]
387 3824 459 3888 Lege
477 3839 535 3875 cum
550 3825 677 3882 Acidalio,
718 3834 840 3881 traturas.

144 3898 176 3948 la
187 3896 351 3958 facimusaor
368 3899 501 3961 derigatur,
511 3916 580 3964 quam
590 3905 678 3951 securi·
750 3914 763 3949 r
785 3908 900 3966 Profecto
920 3907 1037 3972 audatia]
1063 3907 1200 3966 Παθητικῶς
1216 3909 1246 3975 ut

144 3992 193 4036 rur
210 3977 236 4027 id
247 3983 298 4040 ert,
307 3982 370 4028 vote
384 3989 474 4028 nostra
486 3993 536 4028 non
548 3988 607 4029 erant
619 3981 677 4029 irri·
718 3983 787 4046 apud
801 3984 879 4037 Orid.
896 3986 1025 4050 ‘Solaque
1037 3984 1179 4036 deformem
1192 3983 1246 4034 cui·

144 4062 187 4104 te:
200 4053 258 4104 hrec
270 4068 331 4104 vero
341 4054 525 4114 derideremur,
535 4070 584 4106 uon
597 4056 679 4121 magis
720 4072 754 4122 pa
765 4057 881 4122 professa
891 4059 973 4116 facit,'
985 4063 1034 4110 &c

144 4144 177 4180 ex
189 4139 320 4194 propensa
332 4129 357 4179 in
371 4131 517 4203 principem
534 4133 678 4196 vuluntate,
751 4130 763 4166 ¹¹
780 4134 866 4198 [Cam]
883 4137 998 4200 augendi]
1017 4136 1059 4186 Ita
1079 4139 1139 4199 post
1152 4133 1247 4186 Acidu-

145 4211 223 4273 que'm
235 4212 310 4256 certa
321 4221 368 4270 ope
386 4206 488 4259 inducti
498 4208 525 4260 id
539 4223 584 4262 nos
596 4210 677 4273 impe·
718 4209 780 4260 liam
794 4212 895 4263 restitui
909 4227 955 4277 pro
966 4227 1036 4276 quam
1045 4213 1157 4274 augendi.

211 4283 300 4346 verpa.
312 4292 335 4338 et
349 4288 408 4340 Vur.
418 4289 482 4339 Clar.
629 4291 722 4352 Paneg.
732 4291 786 4343 Vet.
1124 4299 1140 4345 at
1157 4292 1183 4344 Y
