2730 4726
463 326 745 377 annueramus.
784 328 856 377 ΧΗ.
879 311 935 377 26.
1153 315 1241 381 1591

139 474 213 557 qui,
238 473 416 555 degustato
445 471 627 536 Sardorum
657 472 841 553 graminum
871 482 1008 551 succo,¹
1035 472 1192 539 feruutur
1206 477 1242 540 iu

137 582 247 642 morta
256 576 371 651 ridere,
381 574 592 639 imitabamur
599 577 678 640 laeta
688 584 882 640 moerentes.
914 577 945 640 5.
960 576 1024 642 Est
1032 577 1172 662 aliquod
1186 597 1241 643 ca·=

135 681 326 746 lumitatum
342 677 602 755 delinimentum,
617 679 752 743 dedisse
765 679 930 764 lacrymas
952 680 1061 757 malis,
1073 687 1106 746 et
1120 690 1242 765 pectus

136 783 279 848 laxasse
294 781 459 866 suspiriis.
503 780 612 848 Nulla*
630 780 740 865 major
760 787 813 846 est
834 801 950 864 poena,
966 801 1069 866 quam
1087 804 1165 848 esse
1180 776 1255 849 mi?

137 904 262 964 serum,
277 904 338 949 nec
353 883 473 948 videri.
516 885 549 950 6.
572 884 660 967 Spes
682 885 769 948 inter
791 883 865 948 haec
886 885 975 949 nulla
996 888 1166 969 praedonis
1181 909 1242 954 ex·

136 987 274 1070 plaudi:
296 1007 357 1052 nec
373 987 472 1063 enim,
486 991 524 1051 ut
545 992 659 1052 natura
678 985 753 1066 fert,
769 982 901 1070 copiam
918 987 1060 1052 satietas
1075 992 1242 1072 sequeba-

136 1094 207 1153 tur:
234 1091 404 1158 ereseehat
427 1089 464 1152 in
489 1090 560 1154 dies
584 1088 729 1153 habendi
751 1089 868 1166 tamea,
891 1097 927 1154 et
950 1090 1092 1173 parandi
1114 1092 1241 1160 rabiem

136 1196 235 1274 parta
246 1191 434 1256 irritabant.
476 1195 509 1257 7.
532 1190 582 1256 Ut
598 1210 761 1273 aegrorum
781 1191 873 1256 sitim
890 1197 992 1274 potus
1005 1193 1179 1280 accendit3
1202 1201 1254 1284 ut

135 1292 223 1374 ignis
237 1294 404 1359 arentibus
418 1312 485 1357 non
502 1294 663 1371 obruitur,
678 1292 740 1357 sed
763 1302 923 1375 augarum
944 1295 993 1358 ita
1010 1302 1138 1361 coactae
1154 1300 1253 1381 puh-¹

134 1396 202 1474 1ica
217 1403 368 1478 egestate
384 1396 511 1462 divitiae
527 1395 726 1460 aviditatem
739 1396 869 1481 jejunae
884 1399 1002 1462 mentis
1017 1400 1195 1464 acuebant.

179 1497 272 1562 Gar.
296 1515 410 1564 xxvt.
447 1499 479 1564 1.
502 1500 625 1565 Stabat
650 1500 748 1584 ipse·
773 1507 974 1584 purpuratus
998 1501 1041 1566 ad
1065 1502 1180 1569 lances
1204 1493 1254 1569 et*

135 1608 309 1667 momenta
327 1603 523 1685 ponderum,
542 1609 711 1687 nutusque
733 1602 951 1668 trutinarumb
979 1605 1107 1687 pallens
1138 1602 1239 1692 atque

135 1702 269 1767 inhians
295 1705 480 1788 exigebat!
534 1704 843 1789 comportabantur
867 1707 997 1772 interim
1023 1707 1137 1791 spolia
1162 1729 1239 1792 pro-

134 1805 334 1882 vinciamm,
360 1809 496 1874 exuviae
526 1808 675 1882 exulum,
706 1809 794 1872 bona
822 1808 1059 1892 peremturum.
1110 1810 1143 1874 2.
1165 1810 1239 1877 Hic

135 1927 255 1973 aurum
271 1917 496 1975 matronarum
513 1912 666 1975 manibus
688 1915 890 1990 extractum,
908 1912 979 1977 illic
998 1919 1106 1996 raptae
1126 1913 1236 1997 pupil-

133 2011 241 2077 lorum
257 2013 446 2078 cervicibus
465 2014 592 2092 bullae,⁰
611 2013 691 2079 istic
706 2014 914 2086 dominorum
929 2035 1049 2080 cruore
1062 2016 1238 2099 perfusum

134 2111 388 2199 appendebatur
410 2123 593 2198 argentum.
637 2115 816 2182 Numerari
836 2120 961 2203 ubique
981 2119 1146 2202 pecuniae,
1160 2119 1250 2210 fisci¹
1274 2176 1276 2181 .

133 2219 265 2301 repleri,
280 2238 350 2285 aera
369 2219 545 2296 cumulari,
561 2238 644 2283 vasa
666 2219 811 2298 concidi,
826 2221 935 2286 cuivis
954 2226 994 2284 ut
1014 2221 1155 2286 intuenti
1170 2242 1236 2287 nou
1308 2292 1310 2299 ,

133 2320 221 2387 illud
248 2322 466 2405 Imperatoris
493 2323 711 2401 domicilium,
735 2323 797 2388 sed
820 2325 958 2391 latronis
983 2325 1236 2407 receptaculum

165 2501 233 2618 holm
248 2504 413 2556 distinctiones
428 2508 559 2571 ponderum
573 2523 602 2556 aa
615 2504 717 2558 acaum
731 2505 808 2556 motas
818 2506 948 2557 bobdmoa
957 2507 1030 2558 anam
1043 2513 1069 2557 et
1078 2506 1146 2557 acide
1157 2506 1234 2557 obam-
1248 2525 1249 2530 ¹

133 2584 164 2619 „a
208 2604 214 2619 ·
1004 2589 1007 2593 ,

591 2652 778 2675 ΟΜΝ

132 2747 287 2810 reliquorum.
298 2750 390 2800 Barth.
402 2751 434 2801 ad
442 2747 578 2804 claudian.
588 2752 678 2804 Rufin.
688 2769 718 2806 ιι.
728 2759 769 2805 87.
776 2752 867 2803 scribit
874 2751 1084 2815 reliquiorum-t
1095 2751 1146 2800 Pro
1153 2753 1234 2800 laxar-

131 2828 167 2873 σε,
180 2813 292 2876 Guelpb.
305 2814 383 2865 babet
395 2817 500 2867 lusamra
534 2820 607 2881 Mox,
626 2821 691 2870 Exc.
704 2820 850 2870 Schouhov.
860 2817 978 2880 suspiriis.
1011 2816 1060 2866 Sed
1075 2819 1150 2878 autb,
1161 2818 1234 2879 ire.-

132 2884 149 2928 6
161 2878 215 2928 Pro
226 2882 336 2942 parandi,
348 2882 461 2946 Grrelph.
472 2893 498 2932 et
509 2884 573 2932 Vet.
583 2886 668 2934 Livia.
677 2886 858 2948 praedandi-l
869 2884 935 2932 Cod.
945 2883 1118 2932 Schwarziau.
1129 2887 1156 2930 at
1167 2883 1235 2943 ignia

130 2943 254 3022 paratibus
264 2945 355 3058 ligator
371 2947 484 3013 Guelph.
495 2957 523 2999 et
538 2949 601 2999 Vet.
612 2951 696 3000 Livia.
705 2957 732 3001 at
742 2951 817 3014 tignis
831 2948 962 2998 urentibus.
995 2947 1108 3011 Guelph.
1117 2947 1234 2997 ariditate

120 3024 217 3070 Jouaoe
227 3025 280 3059 mea
292 3026 321 3060 ar.

166 3075 233 3125 Cau.
245 3089 324 3126 xxvr.
356 3081 372 3128 2
388 3077 492 3143 Lipsius
503 3079 607 3132 emend.
624 3080 675 3130 Hic
686 3096 770 3130 auram
779 3096 812 3130 m.
823 3079 929 3136 cambas,
941 3078 982 3129 vel
992 3075 1105 3128 criaibro.
1117 3077 1236 3145 Guelph.

164 3309 178 3336 ¹
190 3302 322 3352 Sardorum
332 3306 411 3371 sacro]
429 3307 528 3358 Notum
538 3310 664 3375 estquod
702 3311 776 3375 pillos
787 3323 819 3360 ac
829 3307 976 3374 provincias
993 3306 1108 3372 integras
1124 3306 1232 3373 spoliar-

130 3377 167 3428 de
177 3378 276 3430 Sardoa
287 3379 366 3430 herba
378 3381 476 3445 ferrrut,
493 3384 531 3435 ita
547 3400 634 3435 eorum
647 3402 663 3436 a
702 3393 751 3436 ret.

129 3455 224 3518 quibua
236 3456 420 3521 degustaretur
429 3475 474 3510 ura
485 3463 662 3521 contrahente,
721 3463 746 3499 'b
763 3463 888 3525 Notusque
901 3459 1058 3524 trutinarum]
1075 3461 1163 3511 Notus
1176 3468 1231 3510 tru-

130 3538 161 3581 ut
181 3542 291 3595 agerent
308 3535 417 3586 animam
436 3539 516 3589 veluti
537 3541 663 3591 ridentes.
702 3544 814 3594 tincrurn
838 3539 964 3605 appellat,
987 3553 1045 3588 cum
1066 3539 1149 3588 altera
1169 3539 1231 3588 lanx

129 3609 374 3660 UndeSardonieua
382 3613 602 3666 risuscelebratua
615 3633 661 3680 pro
702 3620 822 3671 deorsum
834 3617 920 3681 vergit
931 3617 1135 3681 propendetque·

129 3684 203 3742 ficto,
225 3695 270 3737 aut
293 3688 455 3740 amarulenta
479 3692 540 3740 risu.
574 3694 661 3744 Quau·
733 3695 895 3747 comatam
906 3695 986 3758 luta]
1004 3693 1097 3742 ‘Bulla
1106 3693 1231 3754 suspendi

128 3779 209 3828 quara
220 3776 271 3814 uon
282 3765 387 3828 desunt,
395 3767 439 3832 qni
451 3768 525 3816 aliam
535 3769 616 3833 bajus·
624 3773 660 3821 rei
702 3774 729 3823 in
739 3774 807 3824 collo
816 3769 958 3821 infantibus
973 3769 1090 3833 ingaunis
1107 3769 1174 3818 solet
1184 3778 1230 3820 au·
1273 3786 1280 3801 ⁸

129 3840 255 3903 origluern
265 3841 392 3894 referunt.
409 3844 660 3909 Sardiauteru,·Sar·
701 3849 891 3912 rea,libertinia
902 3845 1023 3898 scortea)
1038 3844 1229 3896 ItaAacouiut.

129 3917 423 3982 diniaeinrulmpopuli.
449 3955 451 3960 ι
622 3951 624 3958 ·
700 3929 784 3979 erem
797 3922 1070 3987 morema'l'arquiuio
1086 3922 1179 3972 Prisco
1190 3923 1229 3974 iu·

163 4002 175 4029 ⁸
192 3995 278 4046 Stabat
295 3997 357 4060 ipre]
374 3995 660 4052 “trariraruhominis
701 4004 806 4055 ductum
817 4004 979 4064 feruut,cum
990 3999 1071 4050 filium
1082 4013 1242 4064 auumque-2

127 4071 250 4137 nequiter
264 4075 359 4124 attenti
375 4075 408 4124 ad
425 4077 659 4129 eorum-tonorum
698 4080 843 4132 tuorderim
866 4093 945 4128 anuos
965 4084 1054 4126 natum
1074 4077 1107 4125 dc
1123 4077 1233 4128 aratum

129 4150 658 4219 venditionemqnilruaaummi·perfuuc·
698 4154 1120 4210 victoremhcchouoredouavit.
1155 4185 1157 4190 ·
1224 4180 1229 4193 1-

128 4233 170 4278 tos
192 4226 331 4282 honoribus
353 4231 430 4297 virca,
448 4242 588 4292 matronas,
611 4249 658 4300 pu·
716 4266 720 4275 ·
761 4265 764 4273 ‚
846 4268 851 4278 ·
