2730 4726
222 308 310 377 1614
622 321 757 373 narrar
782 299 920 375 rrcrrt
996 330 1001 339 ·

266 468 358 535 Cre.
375 481 474 533 xnrr.
494 465 526 532 1.
549 463 593 530 Et
608 473 721 533 tamen
734 467 874 551 quando
888 484 1006 533 aecum
1026 464 1086 533 ille
1100 465 1191 535 terro
1204 470 1318 537 tranei·

221 569 364 655 gendm
387 569 537 653 putabat,
558 587 625 633 nou
647 569 761 652 potius
785 570 907 653 iguem
929 569 1085 647 laminas,
1107 590 1256 650 crucem,
1270 595 1318 644 cu·

220 673 337 748 lenm,e
352 676 387 737 et
401 671 561 755 quicquid
576 672 776 751 merebatur,
788 671 964 737 timebat*
984 691 1158 757 uunquam
1171 677 1319 759 profecto

222 781 293 842 tum
318 776 404 841 bene
429 773 471 840 de
497 774 683 841 sceleribus
706 777 778 840 suis
797 771 928 854 sensit?
950 781 989 843 ut
1013 785 1155 843 monem
1178 780 1322 862 potuerit

222 897 371 962 sperare,
392 897 461 962 qun
482 878 591 963 periit.
631 878 666 943 2.
687 878 725 943 Si
752 879 853 962 igitur
876 899 940 944 nec
961 899 1166 963 presumere
1191 883 1322 948 veniam

219 1000 310 1059 reue,
325 1000 388 1046 uec
405 1000 538 1065 sperare
552 979 666 1062 fugam
680 981 827 1058 clausus,
841 1001 906 1046 uec
919 988 1061 1049 mortem
1079 985 1198 1066 potuit
1212 985 1323 1050 timere

221 1084 410 1158 moriturus,
425 1089 460 1148 et
471 1089 567 1148 certo
579 1083 823 1150 extremorum*
836 1084 942 1149 levior
955 1084 1059 1151 rideri
1074 1085 1196 1152 debuit
1209 1088 1325 1153 volun·

220 1186 325 1251 tarius
349 1205 449 1271 quum
464 1192 624 1266 coactus;
646 1186 815 1251 honestior
835 1187 1001 1269 privatus,
1019 1202 1121 1272 quum
1145 1191 1324 1272 pubiicum

221 1296 394 1373 postremo
417 1288 551 1355 brevior
574 1296 761 1373 occupatus
788 1309 889 1372 quam
915 1295 1124 1373 expematue
1146 1293 1324 1374 interitus3

219 1410 300 1456 uum
326 1393 383 1458 cui
408 1392 548 1459 dubium
568 1391 646 1457 estd
668 1393 703 1458 in
724 1411 780 1469 eo,
805 1391 897 1475 quod
919 1410 987 1458 uon
1007 1391 1126 1458 hebuit
1147 1394 1323 1474 rutitruem,

220 1493 330 1561 fuisse
352 1495 542 1567 fortunam?
587 1494 665 1571 Illa,
686 1493 746 1559 illa
766 1493 898 1577 tyranni
921 1493 1062 1559 consilia
1086 1497 1251 1573 cecavit,
1270 1497 1324 1563 itia

219 1601 255 1660 et
276 1596 422 1661 animum
442 1596 518 1680 ejus
538 1596 672 1661 obtudit
693 1600 729 1660 et
743 1595 901 1678 gladium,
915 1595 975 1661 illa
990 1595 1191 1679 expeditam
1206 1597 1245 1663 in
1259 1598 1323 1665 rui·

219 1717 285 1765 nus
306 1719 438 1765 manum
459 1701 648 1784 percussit·
670 1706 706 1763 et
730 1700 849 1764 tenuit.
892 1701 924 1764 3.
949 1697 1028 1764 Nisi
1050 1717 1132 1764 vero
1156 1708 1196 1767 tu
1222 1709 1322 1781 tuum,

219 1803 419 1868 venerabilis
433 1802 603 1882 Gratiano,
618 1802 810 1869 carnificem
825 1800 925 1867 diris‘
942 1801 1128 1867 comitatus
1147 1803 1322 1871 ultricibus

219 1904 415 1985 obsidebas,
429 1915 466 1972 et
478 1907 564 1972 irata
578 1906 692 1971 minax
706 1901 841 1971 umbra‘
859 1905 903 1970 ob
918 1923 959 1969 os
971 1903 1046 1989 ejus
1061 1905 1321 1991 oculosquontu·

220 2016 351 2075 mantes
377 2010 513 2075 infamis
535 2010 669 2092 ignibus
690 2008 806 2086 bedas,
827 2015 864 2073 et
884 2007 1081 2091 crepitantia
1104 2013 1197 2084 torte
1220 2029 1319 2094 angue

220 2108 327 2192 flagra
348 2112 537 2196 quatiebas,
559 2131 602 2176 ue
625 2111 727 2176 morti
750 2111 901 2176 honestae
924 2117 1089 2189 vacaret*
1113 2130 1156 2177 ue
1180 2110 1319 2194 regalem

218 2211 315 2278 illum
336 2221 652 2299 sacrosanctumque
665 2213 821 2279 vestitum
837 2213 942 2296 impio
958 2231 1073 2276 cruore
1087 2213 1319 2296 pollueretur

220 2315 359 2380 cultus*
377 2317 457 2381 olim
477 2325 566 2397 tuns,
582 2336 624 2381 ac
638 2316 795 2400 deinceps
809 2306 970 2379 fratrent
987 2313 1136 2395 iuturus,
1149 2315 1317 2388 tunsam

252 2485 261 2519 ί
278 2484 401 2542 Quoe'crtrtr
411 2485 447 2535 itu
457 2485 516 2550 rint,
527 2484 700 2546 subducimus,
710 2485 801 2548 quondo
810 2483 856 2533 tibi
863 2484 915 2547 ipre
925 2500 1008 2534 mut
1018 2483 1109 2551 offerre
1116 2486 1267 2545 decernebat,
1277 2500 1318 2536 rot

221 2553 300 2602 mium
310 2553 353 2600 troc
361 2552 444 2601 mortis
453 2566 529 2612 genus
540 2551 705 2612 reformidem
713 2553 842 2600 censendus
853 2555 897 2607 ert,
909 2565 987 2616 quum,
995 2553 1036 2615 irc.

250 2616 262 2659 θ’
279 2617 413 2666 Notiorucr'
424 2631 513 2680 temper
525 2632 568 2665 ruo
579 2615 785 2674 crebrescerent,
795 2618 836 2680 isc.

254 2680 267 2714 ἱ
287 2684 319 2731 Et
333 2683 375 2746 qui
385 2682 577 2732 extremociturc
588 2696 634 2731 rtorr
646 2686 735 2744 potest.
864 2677 872 2712 ⁸
890 2679 981 2730 Furiis.

253 2755 273 2779 ⁸
290 2749 330 2797 Ne
339 2749 460 2798 mertum
470 2752 568 2797 mortem
578 2747 702 2810 cogitaret.
832 2752 845 2777 ¹¹
862 2743 1063 2807 lurignicregic.

682 2872 862 2896 sumunt*

255 2977 414 3028 camur.
447 2970 1021 3036 1Et...serrotrortgredienducrGurlptr.
1054 2971 1108 3023 Pro
1128 2973 1233 3039 cutam,
1248 2971 1318 3022 codd.

218 3042 391 3094 Scbwurriuu.
402 3048 429 3091 et
440 3042 554 3104 Gueipb.
570 3041 664 3090 babent
675 3040 836 3090 eculeum-2
849 3039 910 3086 Vct.
921 3038 1034 3087 Puteum
1045 3043 1069 3086 et
1079 3043 1144 3087 certe
1158 3043 1320 3088 submotum.

222 3109 276 3158 Pro
284 3108 410 3172 percurrit,
422 3107 448 3156 in
459 3107 511 3158 fine
523 3106 597 3170 bujur
612 3104 723 3168 periodi,
735 3103 836 3154 Acidal.
846 3104 918 3152 uraiit
932 3104 1061 3165 repererim
1078 3100 1172 3153 seireff.
1183 3105 1319 3164 pamm.-

220 3177 238 3222 3
252 3176 303 3224 Pro
314 3175 383 3229 diris,
394 3173 470 3224 codd.
479 3172 652 3222 Schwarziarr.
664 3180 692 3220 et
704 3170 816 3231 Guelph.
832 3169 928 3217 habeut
939 3168 1017 3228 scriis
1023 3180 1034 3226 ,·
1052 3175 1077 3216 et
1090 3183 1138 3231 pro
1148 3169 1244 3233 minuc,
1255 3168 1320 3220 exbi-

225 3239 288 3290 beut
299 3239 379 3289 mictu.
401 3239 682 3305 (incineratorum.
716 3236 770 3285 Pro
779 3234 874 3298 flogra,
884 3233 1007 3285 Bnrtbiur
1019 3232 1109 3285 scribit
1118 3233 1235 3298 stagaria
1251 3235 1321 3290 bier,

717 3363 824 3416 NOTAE

251 3472 266 3500 θ
284 3464 394 3528 Cabum]
423 3466 519 3516 Cuieus
540 3472 600 3516 uter
619 3464 680 3522 fuit,
705 3479 752 3514 cerr
792 3461 947 3526 luntaiiqui‚
960 3461 1129 3525 succurrerit?

223 3556 313 3592 roccus
325 3556 358 3592 ex
369 3542 431 3605 lino,
441 3543 481 3590 ret
492 3541 619 3605 cannabe,
627 3541 669 3590 rel
680 3541 751 3591 corio
823 3534 833 3573 ¹
848 3539 938 3588 Mirus
947 3537 1042 3601 umbre]
1059 3538 1133 3588 Nota
1144 3545 1266 3589 veterum
1274 3537 1324 3603 cpi·

221 3618 318 3682 tuctur,
335 3619 367 3668 ab
385 3617 537 3674 occulendo,
556 3618 611 3668 rire
628 3616 749 3667 ctaodeu·
792 3616 905 3678 trionem,
923 3614 1120 3665 interfectorum
1139 3617 1323 3674 mensatim

222 3698 273 3758 do;
288 3696 357 3760 quod
369 3705 493 3746 nocenter
505 3710 537 3744 eo
552 3695 644 3745 inclusi
654 3694 681 3742 in
693 3708 751 3758 pro·
792 3694 884 3758 quibus
898 3692 1031 3743 interfecti
1051 3702 1122 3755 suut,
1131 3691 1250 3745 inituros
1260 3706 1323 3743 ertu.

220 3769 346 3822 fluentem
358 3773 540 3822 mitterentur:
557 3770 626 3837 quod
642 3772 751 3836 porrici·
791 3771 867 3822 Quod
880 3779 907 3842 et
919 3786 934 3819 a
947 3770 1058 3818 Platone
1070 3769 1229 3819 traditurde
1238 3770 1322 3833 Legit.

223 3851 264 3898 dae
276 3849 429 3912 supplicium
441 3846 500 3897 tuit.
792 3847 838 3897 lib.
850 3861 892 3896 rx.
906 3847 943 3896 rie
952 3844 1067 3895 Oresten
1079 3845 1105 3892 tn
1120 3839 1257 3908 tragediir
1268 3859 1322 3910 per·

254 3925 348 3974 “Nam
365 3926 404 3974 cui
420 3924 516 3974 dubium
531 3922 579 3986 ert]
596 3923 661 3977 Quir
679 3923 752 3973 dubi·
794 3923 911 3988 requitur
927 3929 1025 3970 muter:
1042 3921 1079 3971 ric
1088 3920 1237 3984 virgiliana
1255 3921 1324 3973 Dido

222 4006 280 4051 tare
297 4008 393 4065 potest,
405 4002 431 4049 id
450 4001 493 4050 nbi
511 4002 603 4051 rationi
617 4003 689 4051 locus
700 4016 751 4052 nou
793 4002 851 4051 IEu.
865 4015 906 4051 ιν.
920 4005 978 4051 386.
995 4000 1084 4050 AEneoe
1101 4001 1228 4059 minatur,
1246 4003 1323 4053 ‘On-

221 4077 282 4141 tuit,
299 4086 382 4128 totum
404 4076 515 4128 fortune
536 4076 616 4129 fuisse
636 4077 752 4127 tribuen-
792 4079 867 4129 uibus
886 4078 976 4127 umbre
993 4078 1057 4127 lecit
1073 4076 1172 4127 adero:
1191 4077 1266 4130 dabir
1281 4081 1323 4130 iu·

223 4154 284 4204 dum
296 4155 305 4204 ?
508 4183 511 4186 ·
793 4155 872 4222 probe
884 4152 991 4219 poeuaa'

251 4237 265 4265 θ
281 4229 415 4294 Percurrit]
433 4232 527 4283 Utrum
536 4231 695 4296 peremat
708 4246 750 4284 ro·
824 4231 890 4282 tAr
900 4228 1132 4295 ddtoeptsrrtrrrrtr]
1142 4230 1323 4294 Veientinimi,
