2730 4726
261 676 508 786 LATINI
569 678 826 785 PACATI
887 674 1284 786 DREPANII*

522 948 1010 1046 Pnnuuuiucus
1093 1087 1099 1094 ‚

378 1192 706 1274 THEODOSIO
758 1196 888 1274 AUG.
940 1195 1160 1275 DICTUS.

609 1461 917 1509 Q

539 1691 720 1746 stnorsts
744 1692 994 1744 intruduntur.

218 1814 251 1866 In
264 1815 379 1866 Exordio
391 1830 450 1866 cnm
462 1815 543 1866 mults
564 1815 614 1866 sibi
625 1814 724 1866 dicanti
740 1820 837 1865 motum
856 1811 978 1878 afferant,
995 1822 1050 1865 tum
1068 1814 1190 1881 inprimis
1209 1829 1311 1868 commo·

251 1896 407 1960 actissuis,
423 1896 492 1963 quod
504 1910 592 1947 coram
606 1896 775 1960 imperatore,
792 1909 880 1946 coram
900 1903 1003 1959 senata,
1020 1897 1121 1962 Rornae,
1137 1896 1218 1948 honio
1231 1899 1312 1950 (iatius

249 1979 338 2030 dicat:
355 1978 482 2029 accedere
494 1993 523 2028 sc
534 1986 622 2028 tarsen
632 1977 665 2027 ad
674 1976 832 2027 laudandum
844 1976 1035 2040 Theodosium
1051 1985 1079 2028 ct
1092 1979 1242 2046 qaiaioago
1251 1981 1313 2031 isco·

249 2075 306 2112 ram
323 2061 461 2112 intervallo
477 2075 535 2110 eam
552 2059 586 2110 ob
602 2073 657 2110 rem
674 2058 782 2111 Romam
795 2059 915 2121 sensnm
931 2065 961 2109 st
972 2060 1036 2125 puis
1053 2060 1178 2111 lesdmdi
1197 2063 1313 2126 principis
1337 2057 1340 2061 ’

215 2135 217 2139 ’
249 2143 321 2191 nulla
331 2141 457 2191 incumbit
467 2141 617 2191 necessitas.

218 2222 380 2277 Distributio
391 2221 495 2271 videtur
505 2221 562 2273 inec
573 2236 642 2273 essa:
659 2221 684 2273 1.
701 2220 766 2272 vna
774 2218 914 2272 Theodosii
925 2219 1037 2286 privata.
1067 2218 1111 2274 tt
1127 2223 1313 2290 Vitaejusdem

252 2303 358 2367 publica
369 2301 499 2352 lsudstur.

219 2383 245 2432 Ι.
260 2384 346 2435 Pstis.
378 2383 535 2433 insodmins
550 2381 708 2433 difficillimis
725 2382 887 2446 temporibus
903 2382 962 2432 ideo
983 2397 1000 2433 a
1017 2382 1146 2435 (lmtitno
1169 2387 1198 2436 in
1216 2384 1313 2452 imperii

186 2516 191 2522 ,
250 2466 404 2516 societatem
415 2466 560 2528 asciscitur,
576 2474 606 2516 ut
617 2465 783 2515 inclinantem
802 2464 828 2514 iu
846 2479 964 2528 praeceps
981 2465 1169 2530 rempublicam
1181 2469 1315 2530 sustineat,

248 2561 306 2612 cap.
317 2560 348 2596 tt.
382 2547 443 2597 Non
454 2548 530 2597 alitam
543 2547 690 2611 eligendum
708 2544 787 2596 fuisse
806 2546 949 2602 declarant,
959 2545 1014 2611 ejus
1026 2548 1122 2611 patria,
1139 2563 1201 2614 cap.
1217 2564 1257 2600 ru.
1272 2562 1314 2613 ps·

248 2629 331 2678 tentis
344 2629 471 2686 uictoria,
481 2628 571 2678 doinus
581 2627 715 2691 splendor,
732 2641 790 2690 cap.
802 2641 830 2677 v.
843 2627 935 2677 formae
949 2628 1110 2692 prestantia,
1121 2644 1182 2694 cap.
1195 2645 1237 2680 vr·
1254 2637 1314 2681 aetas

248 2710 361 2774 integra,
372 2717 399 2758 et
417 2719 518 2759 matura
534 2710 654 2773 imperio,
665 2724 724 2773 cap.
735 2722 786 2758 vti.
818 2707 844 2758 Α
860 2707 970 2760 t'ortnnoe
989 2709 1062 2760 donis
1072 2711 1172 2760 transit
1190 2709 1313 2760 adscissi

246 2790 330 2841 dotes.
364 2791 433 2840 Usus
452 2792 577 2856 bellique
595 2805 660 2856 puer
675 2791 729 2852 jam
746 2788 895 2852 lingebatur
907 2790 939 2839 sd
957 2790 1103 2855 imperium,
1122 2804 1183 2855 cap.
1194 2806 1259 2842 vrit.
1274 2805 1313 2841 res

248 2873 374 2936 praeclare
385 2872 410 2921 in
423 2873 492 2921 bello
503 2880 593 2936 gesta,
613 2886 672 2935 cap.
683 2885 711 2921 x.
729 2870 857 2921 modestia
868 2871 895 2919 in
906 2871 1050 2921 recusando
1062 2871 1185 2936 imperio,
1205 2886 1263 2938 cap.
1274 2885 1313 2922 ιι.

246 2954 271 3001 in
284 2953 376 3002 eodem
390 2952 603 3009 administrando,
619 2953 816 3016 minuendisque
836 2952 958 3016 palatinis
978 2952 1105 3002 sumtibus
1124 2951 1272 3019 frugalitas,
1289 2954 1313 3003 in

248 3033 393 3083 sanciendis
403 3033 502 3097 legibus
514 3034 749 3097 prouidentia,cap.
761 3047 825 3083 xrtr.
835 3034 862 3082 in
874 3033 1014 3097 iis,quil›ns
1022 3034 1202 3085 committeret
1214 3049 1314 3097 arcam,

247 3129 310 3179 quos
322 3121 486 3177 promoveret
497 3113 530 3163 ad
542 3114 718 3179 magistratus,
729 3113 870 3177 seligendis
881 3113 1030 3178 prudentia,
1042 3128 1101 3179 cap.
1111 3129 1162 3165 xv.
1173 3119 1278 3181 egregia
1288 3117 1312 3165 in

248 3195 344 3244 amicos
361 3194 435 3256 fides,
454 3209 512 3258 cap.
524 3209 585 3245 xvt.
601 3196 626 3244 in
644 3194 802 3260 exequendis
820 3195 950 3258 promissis
970 3196 1071 3258 religio,
1083 3211 1142 3261 cap.
1166 3211 1239 3250 xvir.
1255 3212 1313 3261 erga

248 3290 301 3337 eos,
309 3291 414 3340 qnorum
424 3277 558 3329 ambitioni
568 3291 615 3342 pro
624 3279 822 3341 magistratuum
831 3278 962 3340 paucitate
972 3277 1060 3328 facero
1069 3280 1134 3329 satis
1142 3294 1196 3331 non
1206 3287 1313 3348 poterat,

248 3357 383 3416 singularis
395 3359 539 3409 humanitas
551 3359 756 3416 commendatur,
766 3373 824 3423 cap.
833 3373 883 3409 xx.

215 3437 254 3487 11.
271 3438 353 3487 Pnns.
387 3439 430 3487 De
442 3437 551 3502 publicis
563 3443 617 3504 ejus
630 3441 775 3490 uirtutibus.
810 3441 894 3492 Quam
904 3439 986 3490 bonus
1000 3445 1028 3490 et
1042 3440 1126 3490 civilis
1136 3441 1164 3491 in
1177 3443 1311 3496 admittes·

246 3519 286 3568 dis
294 3519 325 3567 ad
337 3533 364 3567 se
382 3520 506 3580 omnibus,
524 3521 552 3570 in
569 3536 658 3571 eornm
671 3522 784 3584 querelis
797 3521 944 3585 audiendis,
955 3536 1013 3585 cap.
1024 3535 1085 3570 xxi.
1121 3524 1166 3572 De
1177 3526 1251 3575 vultu
1266 3538 1311 3575 uon

169 3605 170 3609 ’
246 3601 330 3650 minus
341 3600 550 3666 hostibus,quam
562 3602 662 3652 civibus
671 3610 757 3653 notus.
779 3604 961 3653 Memorantur
972 3603 1026 3668 ejus
1038 3603 1156 3653 victorie
1166 3604 1202 3655 de
1214 3606 1312 3666 Gothis,

247 3682 359 3745 Hunnis,
370 3683 513 3743 Saracenis,
529 3684 643 3749 Scythis,
654 3682 773 3749 Albanis,
792 3691 820 3734 et
837 3685 936 3746 Persis,
947 3698 1006 3747 cap.
1019 3696 1093 3732 xxti.
1128 3685 1161 3733 ln
1173 3693 1311 3737 extremam

247 3764 389 3813 Galliarum
408 3773 508 3828 partem
521 3780 578 3814 cnm
596 3765 714 3815 exercitu
736 3764 900 3828 progreditur
917 3765 1039 3814 aduersus
1057 3765 1206 3816 Maximum
1224 3767 1310 3819 Gallia

248 3851 394 3909 tyrannum,
403 3846 539 3895 multarum
552 3847 681 3909 legionum
693 3846 851 3912 defectione,
861 3862 920 3910 cap.
931 3860 1016 3897 xxttt.
1025 3846 1195 3911 quinquennii
1209 3847 1311 3913 impuni-

248 3935 304 3976 tate
316 3927 440 3991 inflstum,
451 3937 568 3991 peremto
579 3929 740 3979 Gratianoin
753 3929 841 3979 Gallia
852 3928 977 3984 cudibus,
987 3929 1310 3996 rapinis,etomnigenere

248 4002 409 4058 crudelitaiis
421 4018 589 4072 grassantem,
606 4025 664 4074 cap.
675 4024 757 4060 xxiv.
790 4011 851 4060 Non
872 4011 929 4060 sine
947 4009 1036 4058 divino
1052 4009 1150 4059 auxilio
1161 4009 1270 4076 factum,
1284 4017 1310 4062 ut

248 4094 372 4148 tyrannus
384 4091 426 4139 ille
438 4090 522 4141 foedus
533 4106 589 4141 cnm
598 4090 744 4141 Theodosio
755 4098 897 4155 utcumque
907 4090 997 4139 initum
1007 4089 1128 4151 violaret,
1138 4103 1198 4153 cap.
1208 4105 1276 4141 xxx.
1284 4098 1309 4140 nt

249 4165 388 4220 Theodosii
411 4170 549 4222 aduentum
567 4172 694 4223 sustinere
713 4185 765 4223 non
784 4172 909 4238 potnerit,
926 4185 985 4236 cap.
1006 4182 1092 4221 xxxi.
1110 4175 1140 4220 ut
1156 4171 1192 4222 ad
1211 4171 1308 4223 Asoism
