2730 4726
492 322 776 373 annueramus.
811 323 851 372 ιι.
867 308 923 374 13.
1152 312 1245 380 1176

187 468 278 535 Gne.
303 482 394 532 xm.
415 465 447 531 l.
470 466 569 533 Felix
587 467 688 552 igitur
707 470 845 548 talibus,
867 470 991 550 Roma,
1008 471 1244 560 Principibus:

144 570 211 658 (fas
232 579 285 636 est
306 571 407 648 enim,
420 577 459 636 ut
474 572 540 637 boo
559 571 691 637 dicendi
706 594 825 638 munus
841 575 944 658 pium,
960 576 1047 641 uude
1062 581 1243 662 coepimus,

144 671 375 757 terminemus)
382 673 475 752 felix,
484 675 631 757 iuquam,
643 686 677 740 et
687 678 795 740 multo
810 696 897 741 nunc
911 676 1052 756 felicior,
1064 699 1163 762 quam
1179 686 1242 749 sub

144 775 255 843 Remo
275 783 312 843 ot
332 776 479 841 Romulo
501 774 591 841 tuis.¹
632 778 665 841 2.
687 778 744 842 Illi
765 780 866 854 enim,
881 780 1037 862 quamvis
1052 782 1172 847 fratres
1189 805 1243 867 gc·

143 879 290 962 miuique
319 887 442 957 ament
464 888 670 966 certaverunt
698 889 808 945 tamen
830 888 900 946 uter
920 903 1018 947 suurn
1043 884 1103 948 tibi
1126 906 1245 952 nomeu

142 981 343 1065 imponeret,
369 981 589 1066 diversosque
613 990 740 1048 montes
761 992 798 1048 et
819 986 977 1068 auspicia
996 996 1178 1072 ceperunt:
1208 989 1243 1054 hi

143 1102 224 1148 cmo
244 1092 495 1150 comervatores
521 1087 570 1150 toi
591 1084 655 1171 (sit
675 1086 757 1151 licet
779 1107 868 1152 nunc
894 1094 990 1153 tuum
1016 1096 1111 1155 tanto
1133 1091 1244 1174 majus

141 1182 332 1271 imperium,
347 1194 473 1270 quanto
494 1189 594 1253 latius
614 1194 665 1253 est
680 1198 791 1254 vetere
811 1193 987 1274 pomoerio,
1004 1194 1165 1276 quicquid
1182 1195 1242 1258 bo·

141 1291 248 1355 mines
269 1287 418 1374 oolunn‘)
436 1291 533 1355 nullo
556 1293 647 1357 circa
664 1299 696 1356 te
711 1293 817 1357 livore
832 1295 1044 1359 contendunt.
1089 1295 1150 1372 Hi,
1166 1316 1241 1363 cum

140 1393 285 1476 primum
310 1393 353 1457 ad
376 1402 412 1457 te
434 1394 571 1458 redeant
593 1395 850 1479 triumphantes,
871 1416 942 1461 uuo
966 1399 1106 1481 cupiunt
1131 1398 1243 1463 invehi

139 1513 252 1571 curru,
263 1496 364 1560 simul
379 1496 470 1560 adire
486 1495 703 1579 Capitolium,
715 1499 815 1563 simul
829 1500 973 1564 habitare
990 1499 1171 1564 Palatium.
1208 1500 1242 1567 3.

140 1595 259 1673 Utere,
276 1618 407 1681 qnoeso,
423 1606 556 1663 tuorum
579 1600 768 1683 principum
784 1606 925 1684 utroque
940 1603 1148 1684 cognomine,
1165 1621 1241 1666 cnm

139 1718 209 1762 nou
231 1701 364 1782 cogaris
380 1700 524 1781 eliger03
547 1700 630 1765 licat
644 1720 731 1765 nunc
746 1703 842 1767 simul
858 1709 893 1765 et
908 1703 1080 1769 Herculea
1094 1702 1243 1784 dicaris,i

139 1809 173 1867 et
187 1801 210 1867 J
212 1804 302 1866 ovia.
337 1803 370 1867 4.
387 1801 417 1867 Ο
431 1811 560 1887 quanto
575 1822 676 1881 nunc,
689 1803 929 1888 Imperatores,
941 1805 999 1870 illa
1014 1806 1137 1872 civitas
1152 1812 1242 1871 esset

139 1907 323 1989 augustior,
339 1899 467 1990 quanto
484 1908 590 1989 magis
604 1906 694 1972 hunc
710 1907 855 1971 natalem
871 1904 987 1972 snum¹
1000 1908 1089 1972 diem
1106 1909 1241 1986 coleret,

601 2086 785 2107 “mommo

170 2203 241 2254 cnr.
251 2217 315 2254 xnr.
333 2206 345 2252 l
357 2202 460 2254 Acidsl.
469 2204 536 2269 conj.
545 2203 587 2252 sub
595 2203 699 2252 Rutu.
708 2202 931 2253 conditoribuslsis.
947 2203 1042 2263 Vulpg.
1053 2203 1225 2251 stasnemuiio
1231 2221 1241 2264 ‚·

135 2270 253 2334 (insipit.
269 2274 295 2320 et
309 2268 383 2318 millio
394 2284 466 2332 nune,
483 2269 550 2335 quod
564 2270 665 2331 recepit
679 2268 817 2318 Arma-2
835 2269 878 2317 llll
888 2268 959 2330 eninr,
971 2267 1066 2328 srstres
1076 2268 1240 2332 cucuniano.

136 2335 200 2384 edd.
212 2343 276 2385 ante
288 2333 376 2383 Arntz.
393 2335 434 2400 qni
454 2349 486 2382 ex
507 2335 582 2384 codd.
600 2334 971 2398 Grrstpn.et1’ut.tecuonem
985 2345 1098 2383 nostram
1116 2335 1240 2384 restituit.

137 2400 230 2453 Codex
248 2401 385 2452 Scbwsrsii
405 2400 494 2463 babet,
516 2401 557 2450 liii
575 2401 646 2460 enim,
666 2399 771 2463 quamuis
786 2399 879 2458 fraires
895 2399 995 2462 gemini,
1017 2404 1175 2457 certauerunt,
1196 2401 1239 2512 pe.

137 2466 242 2516 omissis
252 2467 359 2515 vocibus
372 2480 416 2530 que
426 2471 512 2516 essem.
545 2465 611 2515 Edd.
624 2465 742 2530 quadam
756 2473 818 2513 vett.
827 2465 846 2512 ii
858 2479 928 2524 sero,·
946 2466 1007 2513 Vet-
1016 2463 1129 2514 Put'ean.
1141 2472 1194 2514 ete
1215 2466 1240 2515 d.

137 2539 249 2582 mentt.
267 2531 293 2580 iri
304 2545 369 2580 uero.
402 2531 491 2580 ‘Olim
506 2530 675 2587 Puteolanus,
687 2529 837 2588 Rhenanus,
849 2531 959 2588 Navius,
971 2536 998 2579 et
1016 2530 1061 2579 Sis
1082 2530 1151 2584 bani,
1169 2543 1240 2578 men·

136 2596 202 2646 dose
214 2597 301 2645 iubos
313 2599 368 2645 beo
381 2595 527 2652 ediderant,
542 2595 614 2644 iulius
626 2611 660 2645 es.
695 2596 875 2646 Immosdbnc
893 2595 1040 2644 mendosius
1058 2546 1240 2657 (inspicimus,
1300 2650 1302 2655 ¹

133 2662 209 2712 istior
218 2676 261 2719 ss,·
277 2662 344 2711 siem
354 2667 383 2708 et
393 2663 418 2710 in
430 2663 495 2711 libro
508 2662 591 2723 primo
603 2660 726 2710 Gudiano
740 2661 852 2726 junctim
865 2661 989 2722 seriptum
1002 2668 1052 2715 est,
1062 2662 1169 2709 latiores.
1201 2657 1239 2709 At

134 2727 269 2777 Livineius
288 2727 314 2775 in
332 2725 411 2784 notis,
423 2726 477 2790 jam
497 2734 569 2775 recte
587 2727 710 2791 conjecit,
729 2734 821 2789 aperte
841 2728 947 2787 probunt
964 2740 1030 2787 esse,
1042 2725 1116 2773 latios
1129 2730 1183 2784 eat,·
1199 2731 1238 2787 et,

150 2793 245 2858 sicquid
255 2792 360 2841 bominis
370 2793 458 2854 soluat,
476 2792 625 2841 tantundem
644 2806 711 2853 esse,
723 2807 754 2840 ac
770 2792 791 2839 si
808 2798 895 2840 orator
907 2791 1024 2847 dixisset,
1035 2789 1099 2837 orbis
1110 2795 1238 2837 imanes.

130 2809 196 2910 &aaa
208 2858 288 2921 igitur
299 2858 425 2906 veriorem·
436 2858 573 2906 lectionem
586 2857 720 2919 carrigavit
731 2858 876 2916 Gruterus,
894 2871 951 2920 qnae
964 2865 992 2904 et
1007 2853 1065 2902 cod.
1082 2854 1162 2901 nostri
1176 2867 1237 2902 con·

135 2937 214 2971 sensu
233 2921 432 2984 comprobatur!
448 2923 571 2971 Scbwurz.
606 2922 689 2971 Rivin.
708 2930 735 2970 et
756 2923 838 2969 Baun-
854 2935 895 2977 es;
912 2921 976 2968 Ere.
995 2920 1069 2966 Voss.
1084 2922 1130 2968 est.
1170 2919 1237 2969 Ere.

133 2988 282 3038 Scbonbov.
299 2995 326 3036 et
344 2989 420 3037 Voss.
436 2988 515 3036 iutinr.
551 2987 647 3049 Vuigg.
665 2989 764 3035 redeant
778 2989 809 3034 ud
826 2991 858 3034 te.
891 2989 898 3012 ⁶
916 2984 947 3033 ln
968 2985 1057 3034 codice
1078 2991 1165 3032 nostro
1182 2983 1238 3034 haec

134 3053 216 3103 verbs
235 3054 273 3103 sic
291 3054 448 3103 tranalocatu
459 3053 532 3103 nobis
544 3059 691 3108 occsurum,
709 3051 758 3112 Hi,
768 3067 819 3101 eam
834 3050 937 3114 primnis
951 3053 983 3100 ud
1000 3055 1024 3099 ts
1039 3051 1137 3100 redeunt
1152 3050 1237 3099 triana-

129 3119 244 3183 pinateu
261 3120 301 3181 du.
336 3119 414 3167 Liber
432 3119 529 3180 primus
546 3117 680 3167 Gudianus
699 3131 745 3180 pro
760 3117 1074 3173 redeantnabetreuesnt.
1108 3115 1237 3165 Nosveli·

133 3199 192 3233 mus
202 3185 300 3246 legere,
312 3183 359 3241 Hi,
370 3199 439 3246 quum
452 3182 571 3246 primum,'
583 3185 623 3245 isc.
643 3183 771 3232 Sclrwurs.
804 3181 887 3231 codd.
899 3190 1004 3230 secutus
1018 3191 1059 3229 est
1071 3179 1235 3230 Arrtlzenius.

131 3253 183 3299 -d
200 3250 209 3277 ⁸
223 3249 289 3298 Haec
307 3247 394 3305 verba,
405 3253 492 3312 quanio
502 3249 579 3310 mugla
589 3248 649 3297 itanc
661 3249 764 3298 natalem
774 3262 841 3296 saum
851 3247 913 3296 diem
927 3248 1022 3311 colera,
1033 3246 1126 3296 omissa
1137 3255 1199 3297 scrut
1208 3247 1236 3296 in

633 3395 742 3446 NOTAE

132 3511 212 3564 ranaii
229 3510 324 3561 nummi
343 3511 369 3560 in
391 3511 473 3560 alters
493 3518 569 3574 parte
587 3511 665 3560 Pacis
680 3515 683 3520 '
706 3509 797 3568 dalius,
810 3523 841 3558 au
854 3522 903 3557 nou
914 3507 974 3556 iliud
986 3507 1122 3558 delendum
1136 3510 1179 3558 sit.

127 3593 218 3655 imago
235 3592 349 3640 boream
365 3596 464 3639 tenens.
488 3588 589 3643 Titulus
605 3600 663 3638 anx
736 3583 748 3619 Β
766 3585 886 3634 Humor
901 3583 1002 3648 dicaris]
1020 3585 1070 3634 His
1089 3584 1234 3635 nominibus

127 3680 258 3720 Annum.
704 3662 813 3711 Romam
825 3675 936 3726 uuquam
948 3663 1104 3726 appeliatum
1114 3677 1171 3710 esse
1182 3676 1234 3711 nou

164 3740 172 3777 ¹
186 3741 237 3791 ssu
256 3742 330 3791 Remo
346 3745 372 3790 et
386 3741 492 3811 Romulo
507 3741 568 3805 tuis]
587 3738 662 3790 Adde
703 3739 806 3789 memini
827 3755 867 3788 ma
884 3740 982 3802 legere,
997 3747 1172 3804 praeterquam
1184 3739 1233 3790 boc

129 3817 306 3877 conditorum
323 3831 414 3866 sensus
429 3817 496 3868 euim
516 3817 542 3866 id
560 3817 662 3868 videtur
703 3815 727 3864 in
744 3815 809 3864 ioco.
843 3814 878 3864 At
898 3816 989 3879 Pomp.
1011 3817 1099 3866 Latus
1116 3824 1144 3864 et
1155 3815 1234 3868 Joan.

127 3896 281 3959 postulare:
299 3894 411 3944 maxime
426 3909 485 3944 cum
500 3909 558 3945 moa
571 3895 660 3956 addat,
701 3895 781 3958 Bapt.
791 3893 914 3956 Egnatius
924 3908 957 3942 ex
968 3894 1048 3941 veteri
1061 3892 1233 3953 inscriptione

127 3973 157 4022 lsi
166 3987 221 4022 sero
232 3976 407 4022 coamatores
417 3971 462 4028 tui,
482 3987 540 4036 quaa
552 3971 604 4023 duo
614 3985 660 4037 op·
701 3969 816 4021 referunt
825 3969 954 4034 duplicem
964 3970 1071 4018 Viennae
1081 3975 1181 4030 portam
1191 3968 1233 4018 fu-

131 4052 218 4114 posita
229 4049 348 4098 consulto
359 4047 490 4100 ridentur.
701 4048 760 4109 isse,
779 4061 886 4112 qrrmum
909 4049 993 4095 ultera
1010 4047 1018 4074 ‘
1036 4042 1132 4102 aava:
1150 4047 1234 4099 alters

161 4125 169 4169 Ι
188 4125 309 4189 Quicquid
325 4125 428 4177 lomim
444 4126 534 4190 edunt]
558 4124 590 4175 ld
610 4131 660 4187 est,
702 4119 861 4176 ‘Herculia'
879 4121 1022 4170 dicaretur.

131 4208 201 4253 totus
216 4211 344 4253 terrarum
359 4200 437 4253 orbis.
472 4201 585 4257 Dubitat
597 4199 659 4255 Aci·
732 4195 1230 4262 ¹nuumuun1n0nuonnuuuu

1195 4435 1206 4462 b
