2730 4726
373 657 861 810 PANEGYRICUS
912 718 975 806 x.

527 1066 832 1097 ῃ

519 1292 581 1353 DE
612 1290 845 1366 AUCTORE,

289 1491 336 1541 ΕΤ
352 1491 429 1545 0ὓο
446 1487 621 1543 TEMPORE
637 1491 685 1543 Ac
703 1487 801 1541 LOCO
821 1490 979 1542 HABl'l'US
996 1491 1062 1543 Sl'l'.

562 1744 615 1808 [Ex
628 1745 678 1796 Ed.
690 1747 802 1812 Delph]

571 1856 797 1870 Ἣ

173 1993 462 2060 Paoumvvrnva
487 2000 542 2057 est
566 1994 638 2058 haec
663 1993 783 2072 oratio,
806 2000 844 2058 ut
859 2013 903 2059 ex
917 1993 997 2078 ipso
1016 1994 1110 2060 initio
1125 1994 1229 2060 mani-

127 2101 330 2174 festumest,
354 2117 441 2162 anno
467 2096 595 2161 Christi
618 2113 774 2161 cccxxi.
800 2096 880 2162 Kal.
904 2096 1039 2163 Martiis
1055 2098 1110 2164 die
1124 2089 1231 2163 natali

130 2201 306 2266 Caesarum
323 2199 434 2283 Crispi
449 2206 482 2263 et
502 2197 726 2275 Constantini,
745 2218 822 2264 cum
846 2201 980 2264 ineunte
997 2201 1117 2284 quinto
1133 2219 1232 2280 anno,

129 2309 215 2368 vcta
240 2300 505 2386 quinquennalia
531 2300 710 2379 solverent,
724 2320 766 2365 ac
789 2299 986 2367 decennalia
1009 2303 1231 2388 susciperent.

130 2406 173 2472 In
182 2404 281 2491 ‚quod
296 2413 433 2488 tempus
443 2403 662 2468 Constantini
674 2406 784 2487 magui
804 2405 1082 2489 quindecennalia
1095 2425 1231 2471 concur-

132 2511 269 2587 rebant,
281 2528 323 2572 ac
337 2528 399 2593 pro
410 2507 487 2592 ejus
497 2507 729 2571 vicennalibus
745 2515 826 2573 vota
839 2510 1123 2593 nuncupabantur.
1162 2510 1234 2573 Ab·

130 2620 207 2677 erat
222 2609 475 2688 Constantinus,
491 2609 534 2676 ad
554 2629 654 2695 quem
673 2617 783 2675 tamen
800 2610 967 2676 Nazarius
983 2631 1147 2677 conversa
1161 2631 1233 2678 ora-

132 2716 248 2780 tione:
271 2719 282 2748 ‘
299 2712 528 2791 Praesentem,'
544 2713 664 2798 inquit,
679 2717 691 2787 ἰ
705 2712 787 2777 mihi
805 2713 931 2796 alloqui
952 2713 1080 2793 videor,
1095 2713 1153 2799 qui
1169 2715 1235 2783 ejtsi

132 2825 318 2902 conspectu
334 2818 430 2896 abes,
439 2817 560 2896 ,revelli
577 2823 686 2880 tamen
710 2816 876 2881 mentibus
896 2835 961 2886 non
981 2814 1102 2899 potes?
1145 2815 1237 2885 Haec

132 2921 243 2988 oratio
259 2918 408 2986 Nazario
423 2919 497 2984 sine
513 2918 743 2984 controversia
758 2919 958 3000 ascribitur3
980 2917 1021 2984 de
1041 2938 1109 3004 quo
1129 2919 1236 2984 Euse·

133 3025 212 3090 blus
238 3024 274 3088 in
297 3023 418 3088 Chron.
445 3022 489 3086 ad
510 3041 632 3086 anuum
655 3021 776 3087 Christi
794 3037 928 3086 cccxv.
952 3020 1169 3102 ‘Nazarius,'
1188 3023 1236 3088 lu-

135 3127 220 3213 quit,
233 3132 244 3171 ⁴
256 3126 394 3210 insignis
410 3125 522 3190 rhetor
536 3121 698 3189 habetur-⁹
733 3123 776 3187 Et
790 3122 1018 3208 Hieronymus
1032 3124 1075 3189 ad
1091 3144 1144 3189 an.
1161 3116 1239 3206 Chr.

136 3219 371 3306 cccxxxvu.
405 3226 572 3293 ‘Nauarii
601 3226 741 3291 rhetoris
767 3224 840 3290 filia
867 3227 902 3290 in
933 3227 1122 3312 eloquentia
1150 3230 1240 3312 patri

135 3329 351 3416 coaequatur?
394 3328 497 3395 Hanc
522 3329 737 3408 Eunomiam,
761 3327 921 3412 virginem
944 3328 1164 3396 Christianam
1178 3352 1241 3417 ap·

135 3432 241 3519 pellat
256 3429 423 3497 Arua‘ldns
449 3433 621 3497 Pontacus
643 3433 677 3497 in
702 3432 775 3496 suis
800 3431 957 3498 chronic.
982 3431 1099 3513 fretus,
1113 3442 1153 3498 ut
1167 3436 1240 3520 ipse

137 3537 201 3614 ait,
225 3543 371 3620 quatuor
395 3535 633 3601 Vaticanorum
660 3535 818 3601 codicum
844 3536 1053 3601 auctoritate.
1098 3536 1241 3604 Nazarii

137 3640 385 3725 quoquoapud
399 3637 590 3705 Ausonium
605 3641 729 3704 mentio
745 3645 808 3717 est,
824 3639 859 3702 in
869 3639 1058 3704 Professor.
1072 3637 1241 3720 Burdigal.

138 3743 390 3828 Epigrammata
408 3759 475 3806 xv.
519 3741 574 3807 An
589 3761 669 3806 vero
680 3740 851 3806 Nauarius
865 3742 919 3807 hic
935 3749 1046 3806 noster
1060 3741 1159 3804 fuerit
1172 3740 1242 3818 ille,

139 3864 242 3930 quem
252 3845 364 3909 clerus
380 3842 648 3922 Massiliensis,
638 3864 672 3907 ιιι
689 3863 759 3929 quo
774 3843 911 3909 lectoris
931 3861 1066 3909 munere
1081 3837 1240 3924 fungeba-

134 3947 208 4026 tur,
223 3967 299 4029 oum
316 3945 438 4016 Oresio
453 3947 632 4032 Episcopo
648 3946 820 4012 Arelatem
836 3946 879 4011 ad
894 3946 1058 4030 synodum
1074 3944 1243 4030 suffragiis

140 4049 319 4131 delegavit,
329 4049 465 4115 dubitat
479 4057 595 4114 nostor
606 4050 706 4116 Joan.
717 4050 805 4136 Bup.
819 4049 1045 4133 Guesuayus
1035 4069 1069 4114 ru
1084 4048 1156 4114 suis
1168 4068 1243 4136 pro-

144 4153 268 4218 vinciae
283 4149 513 4218 Massiliensis
529 4154 718 4219 annalibus.
