2730 4726
419 327 692 383 constanrrno
717 332 808 380 nuo·
845 315 957 382 x.35.
1151 310 1237 382 msa

136 480 413 565 patientissimas,
429 478 538 562 qutdt
562 478 705 560 benigna
722 489 894 560 responsa,
909 475 1019 560 quldt
1041 477 1169 542 vultum
1183 479 1236 562 ip·

137 603 225 661 snm,
247 583 384 666 augusti
407 581 538 646 decoris
560 582 732 661 gravitate,
748 579 914 643 hilaritate
938 580 1116 662 permixta,
1139 599 1239 645 vene·

107 767 110 774 Ι
134 684 277 752 mudum
293 683 453 768 quiddam
469 690 502 748 et
517 683 660 747 amabile
673 681 906 758 renidentem,⁸
915 682 990 764 quis
1003 682 1102 764 digne
1111 682 1238 767 exequi

133 783 272 871 possim
297 786 446 865 Quarum
474 804 584 850 rernm
611 784 775 849 miraculo
799 785 849 848 alc
865 800 984 848 omnes
1000 784 1236 849 devinciebana

134 902 202 971 tur,
218 901 257 958 nt
279 908 345 957 non
369 903 436 957 tam
464 910 580 955 omnes
605 891 765 968 dolerent,
781 890 872 974 quod
889 891 983 954 illum
1000 895 1170 974 tyrannum
1185 891 1237 955 ita

133 997 194 1067 dln
208 997 362 1071 tulerant,
378 1012 478 1078 quam
493 994 585 1079 quod
601 995 662 1058 tali
678 994 836 1077 Principe
851 1002 919 1057 tam
936 1012 1010 1058 sero
1024 992 1221 1056 fruerentur·

177 1098 269 1163 cnr.
286 1111 415 1163 xxxv,
461 1099 493 1161 1.
518 1094 670 1178 Longum
692 1103 757 1171 est,
772 1116 817 1160 ex
839 1097 898 1160 illo
920 1112 1119 1179 percensere
1134 1097 1235 1159 beno·

132 1199 212 1264 licia
234 1199 416 1282 Principis,
432 1215 519 1284 quae,
542 1199 576 1261 in
599 1198 716 1262 orbem
738 1200 812 1262 sine
831 1197 932 1262 modo
954 1198 1139 1277 redeuntia,
1156 1218 1244 1262 cone

131 1311 227 1369 textu
242 1301 316 1387 ejus
330 1304 534 1384 benignitate
550 1301 740 1379 fulserunt!
749 1303 800 1366 ita
820 1301 949 1366 infinita
974 1321 1120 1379 numero,
1142 1321 1235 1366 com-

132 1407 245 1482 modis
261 1425 392 1486 magna,
407 1412 443 1470 ut
464 1423 635 1489 nunquam
659 1404 862 1468 oblivionem
887 1405 1004 1485 gratiae
1027 1405 1236 1470 obductura}

132 1510 181 1573 sit
195 1509 247 1571 vel
263 1508 445 1572 multitudo
460 1508 621 1586 omnium,
634 1507 689 1572 vel
704 1509 837 1572 utilitas
854 1508 1069 1590 singulorum.
1102 1509 1135 1572 2.
1151 1509 1235 1573 Sen-

133 1609 223 1685 sisti,
243 1607 365 1687 Roma,
382 1610 528 1685 tandem,
556 1626 667 1673 arcem
689 1617 725 1673 te
749 1610 896 1674 omnium
912 1611 1072 1692 gentium,
1082 1617 1124 1674 ‘et
1136 1617 1236 1676 terra·

131 1730 208 1778 rum
228 1730 306 1776 esse
327 1713 485 1795 reginam,
501 1731 576 1775 oum
600 1729 644 1774 ex
664 1711 820 1775 omnibns
843 1712 1025 1794 provinciis
1051 1714 1235 1795 optimates

130 1816 227 1879 viros
244 1815 348 1878 curiae
364 1821 431 1878 tnae
446 1814 672 1897 pigneraveris
683 1813 715 1877 :¹⁶
738 1820 772 1878 ot
787 1820 923 1878 senatus
935 1814 1080 1896 dignitas
1095 1834 1160 1877 non
1175 1833 1235 1879 no-

129 1919 231 1993 mine,
257 1933 358 2002 quam
372 1937 419 1995 re,
436 1924 527 1981 esset
541 1917 710 1994 illustrior,
732 1935 809 1980 cum
833 1933 879 1980 ex
902 1917 1007 1981 totius
1031 1918 1124 1981 orbis
1153 1916 1234 1984 floro

129 2026 313 2085 constaret.
357 2019 389 2082 3.
412 2018 541 2101 Populi
562 2039 641 2082 vero
665 2017 813 2082 Romani
836 2020 889 2083 vis
907 2019 976 2096 illa,
991 2025 1025 2084 et
1037 2010 1234 2101 magnitudo

130 2122 345 2201 venerabilis,
362 2122 404 2186 ad
429 2120 607 2203 imaginem
633 2121 842 2205 antiquitatis
866 2120 984 2196 relata,
1005 2142 1071 2186 non
1096 2123 1233 2188 licentia

129 2225 274 2290 effraems
289 2223 446 2301 exultat}
471 2242 534 2287 non
556 2223 696 2307 abjecta
719 2223 876 2306 languide
886 2208 990 2308 jacet,
1005 2224 1063 2288 sed
1079 2222 1129 2289 sic
1145 2227 1231 2290 assi·

131 2328 209 2392 duis
221 2327 326 2392 divini
343 2327 512 2410 Principis
527 2329 665 2392 monitis
681 2322 865 2412 temperata
879 2335 944 2400 est,
960 2335 1006 2404 ut,
1022 2346 1097 2391 cnm
1114 2328 1158 2392 ad
1172 2348 1233 2393 nu-

130 2438 203 2496 tum
219 2431 291 2514 ejus
305 2428 466 2494 flexibilis
480 2436 514 2493 et
529 2438 642 2494 tenera
656 2430 810 2509 ducatur,
825 2431 1023 2513 morigeram
1035 2450 1072 2494 se
1086 2450 1154 2496 non
1168 2437 1233 2496 ter-

129 2533 200 2600 rori
212 2533 286 2617 ejus
301 2533 461 2616 praebeat,
476 2532 539 2597 sed
554 2523 771 2616 benignitati!
800 2532 975 2608 Placidum
987 2535 1113 2618 quippe
1126 2553 1232 2602 rerum

156 2684 175 2732 's
182 2655 240 2742 Per
249 2692 376 2742 arcadum
382 2692 492 2757 einefine
503 2660 657 2760 reuertentis,
668 2709 774 2746 nonnemo
784 2709 839 2744 nero
847 2693 951 2758 perdta
963 2693 1100 2756 hailaim,
1111 2698 1152 2759 θ’·

161 2765 177 2802 ι
197 2757 345 2808 Obliuionem
355 2761 459 2808 allatura
468 2757 568 2820 melia.
1228 2770 1230 2786 ³

164 2819 180 2857 ὂ
195 2823 251 2872 ultr·
262 2821 429 2872 adstrinxeris.

162 2885 173 2958 ξ
184 2887 226 2937 Aa
237 2889 336 2951 speeiem
345 2886 472 2938 maetam
482 2887 604 2952 restituta,
615 2904 661 2938 nee
671 2905 702 2939 es
712 2888 810 2939 licentio
820 2888 947 2953 effrenato
957 2888 1060 2938 lormrit.

159 2953 408 3015 ’normannum
417 2954 579 3019 ejmterrere,
593 2957 636 3005 aed
645 2954 697 3016 ejas
708 2955 865 3017 lmignitnte.
920 2985 922 2989 «
996 2960 999 2967 “

591 3079 776 3100 anennoeto

130 3157 235 3215 Acidal.
246 3165 298 3226 legi
312 3161 390 3227 jubet
400 3151 590 3215 manmena-t
608 3167 660 3215 Pro
670 3165 799 3229 permixte,
811 3166 912 3215 Bertln.
925 3174 952 3214 et
964 3161 1070 3228 Cnspln.
1079 3162 1180 3218 habent
1188 3167 1231 3215 nd·

127 3231 215 3279 misto.
250 3228 303 3279 Pro
325 3232 491 3287 venerandam,
504 3231 606 3280 Berttn.
625 3232 765 3280 uenerabile.
798 3231 852 3280 Pro
873 3231 1019 3280 renidentem
1038 3229 1152 3292 Guelplt.
1169 3231 1232 3280 Vct.

129 3294 215 3344 Lirin.
226 3301 253 3343 et
269 3294 370 3344 Berlin.
391 3296 538 3346 renitentem.
572 3297 626 3345 Pro
646 3297 768 3357 miraculo,
787 3296 898 3359 Gnelplr.
915 3296 1035 3344 cocubalo.
1068 3295 1143 3358 Mox,
1154 3308 1232 3347 omnes

131 3360 206 3411 uncis
219 3360 324 3408 inclusit
335 3359 434 3418 Joeger.
451 3362 553 3410 tom-din
565 3362 651 3410 Moerl.
664 3367 690 3409 et
703 3361 815 3425 Gnelplr.
1090 3386 1092 3390 v

161 3425 329 3475 Camxxxv.
348 3425 478 3485 lbongnm
486 3431 522 3475 est
529 3428 590 3492 stylo
597 3438 732 3490 percensere
741 3424 1231 3490 reponendumsuspicabaturJuretus.¹

127 3491 245 3540 tenram
255 3490 367 3551 Guelplr.
378 3499 406 3539 et
416 3491 474 3540 edd.
487 3499 552 3542 vett.
568 3494 594 3541 in
604 3493 691 3547 ortem,
709 3504 742 3541 ex
754 3491 935 3542 emendatione
947 3491 1066 3552 Limnen,
1074 3499 1231 3554 receperunt

127 3553 206 3608 emt.
218 3565 245 3604 et
254 3562 364 3605 recentt.
382 3555 546 3618 immittente,
558 3559 597 3606 vel
607 3572 721 3621 connexo,
730 3561 798 3622 conj.
811 3557 912 3607 Aoidnl.
928 3557 1042 3606 obliuione
1051 3559 1158 3619 gruttam
1169 3554 1230 3613 edd.

128 3628 194 3671 vett.
205 3620 414 3682 obliniunegrntr'oe
425 3621 487 3672 Vet.
498 3623 578 3670 blein.
587 3623 689 3672 Berlin,
709 3623 845 3673 oblivionem
851 3621 940 3684 grnlt'oe
951 3621 1065 3685 Guelplt.
1075 3621 1231 3670 Moerl.Vet.·

127 3685 241 3736 Putean.
248 3685 315 3748 quod
326 3686 441 3734 restitnit
451 3685 590 3736 Acuta-2
601 3688 653 3736 Pro
659 3688 832 3751 pigneraveris,
842 3689 909 3751 quod
919 3695 1024 3737 servant
1035 3688 1090 3737 Lis.
1100 3687 1130 3734 P.
1138 3686 1229 3749 steph.

128 3753 207 3802 Grut.
216 3761 242 3800 et
255 3751 350 3800 uetur.
367 3752 503 3814 pigneratis
510 3753 588 3800 lrabet
602 3750 716 3816 Guelplr.
734 3753 896 3816 pigneraveris
910 3753 1013 3809 Puteol.
1026 3752 1132 3812 Cuspio.
1145 3752 1228 3807 Rhen.

127 3817 165 3878 Η.
177 3817 268 3880 steph.
279 3817 361 3866 Boon.
374 3817 490 3865 Patarol.
502 3825 529 3866 at
541 3817 673 3866 Rivlue-t
689 3819 790 3866 Puteal.
808 3819 922 3869 Rhennn.
940 3818 1033 3880 steph.
1048 3817 1131 3865 Livio.
1143 3816 1229 3867 erin.

128 3881 441 3946 al.vett.diniPrincipie;
458 3881 915 3948 Vct.Putenn.Lirimvencuspiu.
926 3880 1229 3945 Guelplrmttiquecodd.
1281 3899 1283 3903 ·

128 3962 187 3998 cunr
200 3948 260 3998 edd.
271 3946 350 3997 Grnt.
362 3956 389 3996 et
407 3955 517 4016 recentt.
544 3943 652 4012 flexibili
671 3955 750 3998 tenore
766 3951 884 4015 quaedam
900 3948 961 3998 edd.
981 3953 1044 3996 vett.
1069 3944 1188 4011 flexibilis
1204 3948 1229 4010 et

159 4162 169 4193 ¹
182 4156 350 4221 Rmidmtem]
363 4157 404 4207 An
415 4158 571 4208 renitentem?
580 4078 816 4222 Ap'ddfflrffiridetss
848 4157 975 4210 simlllter
987 4155 1056 4223 epod
1065 4157 1211 4222 Virgilium.

127 4234 288 4288 floranod.
301 4233 660 4303 rrr.6.‘ndjeelrreprndem
861 4237 866 4243 ’
1195 4256 1202 4262 -1
