2730 4726
181 305 269 374 1184
324 297 328 313 “
412 322 445 372 e.
467 323 503 371 e.
523 320 735 373 seuwauzrr
761 323 1044 381 runiacouuuu

182 467 265 532 nihil
281 466 409 547 dubito,
424 468 505 554 quin
518 468 554 533 hi
569 469 757 552 Principes,
772 471 1011 537 obscurissimo
1024 472 1103 538 loco
1122 473 1208 549 nati,
1223 476 1282 541 ubl

182 590 227 635 ex
249 569 401 654 potentia
423 580 459 636 et
480 591 640 637 successu
662 593 771 637 rerum
787 575 923 639 altiores
938 581 1124 641 sumserunt
1138 579 1282 657 animos,

182 692 250 738 uon
265 673 374 738 solum
389 674 574 740 affectarint
587 677 744 758 originem
760 677 922 755 divinam,
936 678 1033 761 quasi
1047 679 1180 744 scilicet
1197 679 1282 751 Dio-

183 775 351 841 cletianus
370 777 394 841 J
397 797 507 854 ovem,
525 776 760 843 Maximianus
782 778 975 857 Herculem,
990 782 1122 862 generis
1146 783 1200 846 sui
1223 781 1282 847 ha·

182 877 315 944 iruerint
330 887 503 959 auctores3
525 879 584 942 sed
600 880 702 945 etiam
718 900 760 945 eo
775 882 929 964 paratius
944 901 981 946 se
997 884 1106 966 ipsos,
1121 889 1283 969 tanquam

182 980 303 1046 lovem
327 988 363 1045 et
386 981 568 1046 Herculem
590 983 625 1046 in
648 984 742 1047 terris
765 986 832 1049 coli
854 992 956 1068 atque
979 985 1108 1050 adorari
1130 988 1282 1055 siverint.

184 1083 300 1169 Hujus
314 1083 363 1148 rei
377 1083 532 1168 locuples
547 1085 644 1149 testis
660 1092 713 1149 est
727 1085 802 1169 ipse
818 1085 1038 1151 Mamertinus
1053 1094 1177 1153 noster.
1223 1091 1283 1156 Sic

183 1188 281 1266 enim,
294 1187 329 1251 iu
348 1187 458 1271 priore
479 1186 700 1270 Panegyrico,
716 1208 745 1252 c.
764 1204 789 1250 ι.
811 1187 1036 1254 ‘Herculem'
1050 1199 1153 1256 vocat
1167 1196 1178 1225 ‘
1191 1195 1282 1275 prin-

184 1291 294 1374 cipem
316 1292 447 1373 generis
469 1311 509 1355 ac
531 1290 690 1355 nominis'
713 1290 914 1356 Maximiani
930 1291 1096 1357 Herculii.
1139 1275 1226 1378 Gap.
1242 1313 1283 1361 rr.

183 1392 344 1472 ‘Quanto
364 1395 499 1458 tandem
519 1393 654 1472 studio‚'
673 1393 794 1477 inquit,
813 1401 897 1458 ‘nos
916 1394 972 1458 hic
988 1396 1155 1473 convenit,
1172 1397 1283 1480 quite

183 1505 383 1583 praesentem
408 1497 463 1560 hic
486 1497 655 1560 intuemur
677 1494 801 1574 Deum,
824 1503 893 1561 toto
915 1497 1051 1582 quidem
1075 1499 1156 1562 orbe
1178 1501 1283 1565 victo·

183 1618 265 1672 rem,
284 1642 292 1660 .
309 1646 318 1663 .
338 1598 520 1683 .quicquid
542 1598 683 1681 spiritus
706 1604 741 1662 et
762 1600 858 1662 vocis
879 1599 1051 1672 habemus,
1071 1619 1168 1665 omne
1189 1602 1225 1666 id
1238 1605 1285 1667 in

183 1698 341 1766 laudibus
364 1701 433 1764 tuis
455 1701 642 1784 occupare!
661 1745 669 1762 .
687 1743 695 1762 .
712 1699 791 1763 .An
810 1700 957 1766 divinam
973 1703 1168 1783 generistni
1184 1705 1284 1788 origi-

183 1821 259 1869 nem
274 1804 467 1881 recensebo,
481 1823 584 1887 quam
598 1809 634 1869 tu
649 1823 714 1867 non
730 1803 830 1867 modo
840 1803 942 1868 sactis
953 1803 1212 1884 immortalibus
1225 1808 1286 1873 sed

184 1905 287 1971 etiam
312 1906 455 1971 nominis
479 1905 705 1983 successione,
731 1906 860 1970 testaris
871 1903 896 1968 l’
946 1905 1042 1970 Idem
1069 1907 1103 1969 in
1128 1905 1285 1975 Genethl.

184 2028 260 2093 cap.
277 2024 320 2072 11.
343 2009 386 2075 de
400 2015 543 2094 utroque
557 2010 622 2074 hoc
636 2008 813 2092 Principe=
838 2007 937 2073 ‘Vos
954 2010 1031 2074 Diis
1048 2029 1123 2074 esse
1138 2011 1286 2092 genitos,

185 2117 221 2176 et
232 2113 423 2177 nominibus
438 2114 571 2190 vestris,
587 2113 647 2178 sed
670 2110 897 2194 multomagis
913 2113 1102 2190 virtutibus,
1119 2115 1285 2196 approba·

185 2213 250 2281 tis?
293 2214 417 2300 Atque,
431 2222 469 2281 ut
490 2236 575 2281 nunc
597 2223 718 2293 cetera,
732 2235 810 2298 quae
831 2215 897 2279 huc
912 2216 1091 2299 pertinent,
1105 2215 1183 2280 loca
1196 2235 1285 2299 prae-

185 2325 321 2395 tuream,
337 2320 519 2383 maximum
541 2318 732 2402 hujusmodi
755 2317 960 2382 adulationis
978 2318 1147 2402 specimen
1168 2338 1188 2382 e
1207 2339 1286 2402 cap.

187 2436 228 2484 x.
241 2437 376 2504 repeto:
398 2425 409 2457 ‘
422 2421 457 2485 N
460 2442 504 2486 on
519 2423 675 2506 opinione
690 2423 842 2497 traditus
858 2421 919 2486 sed
936 2422 1140 2506 conspicuus
1152 2428 1186 2485 et
1197 2441 1285 2505 prac-

187 2542 265 2588 sens
278 2523 411 2607 Jupiter
425 2526 575 2590 cominus
590 2526 758 2607 invocari3
781 2545 848 2589 non
864 2525 1006 2600 advena,
1023 2523 1083 2588 sed
1099 2523 1288 2608 Imperator

185 2626 352 2691 Hercules
377 2625 529 2691 adorari!
583 2627 740 2691 Similiter
765 2634 882 2692 auctor
906 2628 1054 2690 incertus
1081 2625 1287 2709 Panegyrici

186 2727 416 2812 Epithalamii,
428 2748 548 2810 genero
562 2728 763 2794 Maximiani
779 2729 946 2804 Herculii,
959 2726 1177 2792 Constantino
1189 2728 1287 2808 dicti,

157 2884 159 2890 s
187 2851 265 2915 cap.
281 2847 364 2894 vul.
387 2831 486 2897 ‘Hic
508 2828 579 2903 est,'
601 2831 718 2915 inquit,
742 2831 824 2914 ‘qui
845 2851 976 2906 nomen,
997 2830 1089 2913 quod
1112 2832 1287 2915 accepita

186 2933 273 3012 Deo,
293 2936 445 3020 principe
464 2936 593 3017 generis
614 2934 678 3010 sui,
699 2933 791 2999 dedit
811 2934 928 3014 vobis3
951 2934 1009 3018 qui
1034 2953 1070 2996 se
1094 2936 1289 3017 progeniem

187 3035 362 3110 Herculis,
378 3058 442 3102 non
465 3037 713 3101 adulationibus
728 3036 907 3115 fabulosis,
923 3035 982 3100 sed
997 3037 1139 3117 aequatis
1154 3036 1286 3101 virtuti·

186 3139 260 3215 bus,
287 3137 538 3223 comprobavit!
580 3137 765 3203 Vesaniam
790 3136 880 3201 illam
906 3137 1054 3202 affectati
1078 3137 1288 3222 admissique

188 3241 301 3305 cultus
316 3241 419 3305 divini
434 3242 468 3304 in
481 3241 678 3306 Domitiano
690 3260 789 3325 aeque
803 3260 844 3304 ac
860 3238 1072 3304 Maximiano
1087 3246 1206 3304 notant
1221 3247 1287 3305 tes·

187 3348 363 3428 tanturque
385 3345 484 3409 etiam
507 3345 566 3408 alii
588 3345 782 3428 scriptores,
797 3364 829 3407 v.
843 3363 874 3424 g.
890 3342 1005 3407 Aurcl.
1019 3341 1143 3407 Victor
1157 3344 1193 3406 in
1209 3342 1288 3408 Cae·

188 3465 254 3512 sar.
271 3466 346 3530 cap.
364 3463 516 3512 xxxix.
532 3449 589 3513 ubi
610 3432 732 3513 diserte
752 3447 795 3512 de
816 3446 1028 3510 Diocletiano
1049 3447 1125 3511 haec
1148 3447 1288 3511 scribit:

187 3549 259 3614 ‘Se
273 3553 401 3634 primus
419 3552 579 3630 omnium,
593 3558 672 3635 post
687 3541 871 3632 Caligulam
889 3550 1197 3632 Domitianumque,
1214 3550 1286 3616 Do-

187 3653 313 3719 minum
338 3655 453 3737 palam
474 3655 541 3719 dici
563 3674 704 3739 passus,
721 3660 755 3719 et
775 3653 907 3717 adorari
925 3672 963 3716 se
985 3652 1214 3735 appellarique
1237 3652 1288 3717 uti

189 3755 325 3822 Deum!
368 3755 466 3820 Adde
489 3756 631 3840 Eutrop.
648 3772 704 3822 rx,
720 3757 773 3820 16.
790 3762 825 3820 et
847 3753 1031 3818 Eusebium
1054 3755 1088 3817 in
1110 3752 1288 3831 Chronico,

66 3864 69 3871 ’
189 3880 267 3944 pag.
282 3860 335 3924 18.
350 3859 496 3943 itemque
515 3860 610 3924 varia
629 3859 831 3923 numismata
845 3865 880 3922 et
893 3858 961 3921 alia
976 3855 1195 3922 monimenta,
1233 3853 1288 3920 Gi.

191 3965 369 4050 Spanhem.
383 3963 533 4029 Dissert.
547 3979 621 4030 ΧΠ.
636 3983 714 4048 pag.
727 3962 804 4027 495.
