2730 4726
150 342 237 409 1348
469 358 636 410 auncurt
663 359 936 410 eauncrsrcus

148 507 338 590 Imperator
352 503 386 566 in
401 503 509 583 terris,
527 513 562 569 et
577 505 610 568 in
626 504 716 569 coelo
732 504 839 579 Dens,
861 506 896 570 in
914 504 1022 588 primo
1045 505 1158 570 aetatis
1173 520 1248 572 suae

144 608 227 673 flore
250 607 430 689 generavit,
453 612 526 671 toto
555 607 665 672 adhuc
687 627 827 692 corpore
851 609 980 690 vigens,
1001 607 1062 672 illa
1082 609 1248 693 praeditus

151 709 337 786 alacritate,
367 728 408 772 ac
434 708 637 787 fortitudine,
661 729 763 792 qnam
786 711 873 774 bella
898 710 1052 794 plurima,
1072 712 1247 794 praecipue

147 814 266 900 campi
291 811 403 876 videre
424 809 666 878 Vindonissae
715 812 749 876 3.
770 811 855 877 Inde
884 818 947 890 est,
971 811 1060 894 quod
1086 817 1177 877 tanta
1200 833 1245 878 ex

145 915 207 980 illo
231 917 266 980 iu
287 920 319 978 te
337 912 451 978 formae
481 914 662 979 similitudo
687 916 854 992 transivit,
878 924 915 978 ut
944 914 1095 997 signante
1124 924 1245 980 natura

145 1018 292 1083 vultibus
306 1016 376 1080 iuis
391 1018 556 1100 impressa
570 1015 733 1081 videatur.
785 1019 818 1080 t.
840 1015 934 1081 ldem
950 1017 1039 1080 enim
1056 1021 1122 1093 est,
1141 1035 1245 1099 quem

144 1140 259 1185 rursus
286 1120 375 1184 inte
401 1119 559 1196 colimus,
586 1127 760 1203 aspectus,
788 1119 905 1183 eadem
937 1119 971 1184 in
997 1118 1105 1182 fronte
1136 1120 1244 1200 gravi·

145 1228 210 1299 tas,
240 1221 357 1287 eadem
393 1222 427 1285 iu
454 1221 560 1284 oculis
591 1228 624 1286 et
653 1221 687 1285 iu
719 1239 775 1285 ore
806 1220 1046 1306 tranquillitas.
1097 1220 1158 1286 Sic
1190 1226 1245 1286 est

144 1325 248 1389 index
273 1321 450 1388 modestiae
466 1324 579 1396 rubor,
594 1323 646 1386 sic
669 1324 767 1387 testis
788 1343 896 1388 sermo
914 1322 1070 1407 justitiae.
1114 1325 1148 1388 5.
1172 1323 1244 1389 Ac-

144 1430 233 1512 cipe,
264 1425 463 1511 Imperator,
490 1427 671 1509 ancipitem
701 1435 890 1491 nostrorum
917 1445 1077 1491 sensuum
1104 1427 1242 1492 conses-

144 1530 286 1595 sionem.
339 1526 513 1605 Dolemus,
538 1527 632 1610 qnod
662 1527 883 1594 Constantius
905 1529 1053 1594 excessit
1080 1547 1103 1594 a
1124 1530 1241 1610 nobis,

143 1632 214 1707 sed,
247 1632 326 1695 dum
356 1637 389 1695 te
417 1631 596 1710 cernimus,
621 1631 714 1696 ilium
749 1635 936 1698 excessisse
961 1653 1029 1697 non
1058 1631 1240 1697 credimus.

141 1735 173 1801 6.
198 1732 403 1818 Quanquam
418 1734 499 1818 quid
512 1754 574 1817 ego
589 1736 683 1800 illum
693 1738 881 1801 excessisse
892 1736 979 1813 dico,
995 1734 1240 1819 cujusimmor-

143 1838 226 1904 talia
241 1837 331 1902 sacta
345 1837 471 1914 vivunt,
486 1842 519 1902 et
530 1836 564 1900 in
578 1853 639 1904 ore·
648 1839 792 1902 omnium
801 1838 969 1903 hominum
981 1837 1156 1922 oculisque
1167 1857 1237 1903 ver·

181 1940 278 2006 nturi

141 1962 274 2111 sacre.
289 2061 323 2107 v.
360 2048 392 2111 1.
417 2043 506 2123 Quis
526 2043 627 2120 enim,
648 2063 712 2108 nou
734 2044 812 2108 dico
830 2044 1064 2123 reminiscitur,
1082 2044 1143 2110 sed
1162 2046 1239 2129 quis

139 2168 204 2213 non
219 2147 328 2229 adhuc
342 2147 591 2232 quodammodo
609 2146 708 2226 videt,
731 2148 865 2231 quantis
888 2146 945 2211 ille
967 2148 1068 2212 rebus
1090 2148 1238 2227 auxerit,

595 2311 653 2332 mo
657 2312 775 2334 00000000

138 2421 214 2470 adduc
237 2425 293 2469 toto.
336 2422 403 2472 Edd.
425 2428 486 2471 ante
506 2422 583 2472 Grut.
605 2439 737 2487 quanquam
754 2423 832 2479 betta·
857 2423 920 2472 Ere.
940 2421 1019 2483 Laug.
1036 2421 1147 2484 Cuspiu.
1169 2421 1235 2473 Exc.

138 2486 283 2534 Schonhov.
295 2487 488 2549 procumbens,
503 2488 681 2538 Vei-Puteau.
692 2489 804 2552 Gueiptr.
813 2495 840 2536 et
848 2487 996 2537 Eeross.
1007 2486 1152 2549 qsunndeliu.
1171 2488 1237 2538 Exc.

138 2551 221 2612 Lana.
234 2561 259 2600 et
273 2550 351 2602 Grut.
367 2559 419 2602 tant
438 2553 564 2615 praecipue.
598 2555 646 2603 ‘In
659 2555 709 2602 Rh.
720 2554 811 2616 steph.
826 2553 882 2611 Liy.
902 2552 1157 2615 legacestrensem
1173 2552 1235 2602 ielis

137 2617 241 2679 plurimu
253 2618 370 2681 moedpue
386 2619 462 2681 rumpi
478 2618 591 2667 Vindenis
607 2620 693 2669 idonei.
727 2620 808 2668 Riren.
827 2619 982 2681 suspicatur,
998 2617 1147 2681 iegeudnm,
1164 2632 1235 2680 quon

138 2683 199 2731 detio
216 2685 247 2745 pt.
257 2696 294 2745 pr.
305 2699 326 2731 c.
342 2684 369 2733 V.
381 2684 541 2733 idoneitates
555 2685 712 2740 declararunt,
724 2692 769 2733 aut
780 2684 863 2734 simile
873 2683 1014 2746 quidpiam.
1042 2682 1106 2730 Cod·
1117 2682 1189 2733 Gud.
1207 2689 1235 2732 et

138 2747 203 2796 Pnt.
220 2746 308 2807 habet,
322 2750 385 2798 tatis
395 2748 471 2802 bene,
483 2759 595 2812 excepta
606 2764 669 2799 voce
681 2750 771 2798 ultima
783 2756 914 2807 corrupta,
932 2763 1002 2812 qaum
1019 2745 1080 2796 betia
1089 2747 1123 2810 pi.
1140 2761 1179 2810 pr.
1196 2763 1233 2796 cs.

136 2815 217 2862 videre
226 2815 337 2878 sydoniir
352 2831 365 2864 a
378 2829 429 2879 quo
440 2829 490 2863 nou
503 2816 578 2876 louge
590 2817 643 2864 abit
655 2816 743 2864 Moeri.
769 2831 815 2876 qno
826 2815 884 2863 belia
892 2813 1005 2877 piurima,
1020 2826 1094 2874 proec.
1112 2827 1134 2860 c.
1153 2812 1234 2862 nidere

139 2879 246 2935 Sidonis,
257 2879 370 2929 Schonh.
384 2882 410 2929 in
423 2895 502 2941 marg.
520 2881 604 2930 Rhea.
625 2881 771 2942 fortitudine
782 2895 828 2942 qua
838 2893 890 2928 cnm
900 2878 969 2938 istiu,
980 2881 1019 2940 isc.
1031 2883 1058 2925 et
1070 2877 1095 2924 in
1109 2876 1161 2925 tine
1173 2891 1233 2926 scn-

138 2946 227 2994 tentiae
241 2959 287 3006 pto
298 2945 378 2995 idonei
387 2945 464 2995 habet
474 2945 559 3006 gessit.
576 2947 656 3009 Cusp.
666 2961 712 3008 qna
726 2959 779 2995 cum
789 2944 848 2992 della
856 2945 891 3006 pl.
901 2943 1018 3006 proedpue
1027 2943 1102 3004 compi
1116 2941 1237 2992 Vindenis

135 3009 220 3070 gessit.
253 3009 296 3058 Sic
313 3012 401 3072 etiam,
419 3019 487 3060 teste
506 3011 631 3066 Liuineio,
643 3012 725 3074 Laug.
744 3011 792 3058 uisi
805 3009 871 3072 quod
885 3008 927 3058 hic
942 3016 1001 3071 post
1020 3021 1110 3056 vocem
1129 3009 1233 3068 piurima

137 3075 231 3123 inserit
241 3080 299 3123 tum.
334 3076 386 3122 Pro
397 3077 473 3138 campi
484 3076 568 3123 Livia.
579 3091 611 3124 ex
626 3077 777 3140 conjectura
794 3076 867 3138 ponit
884 3076 989 3136 compis5
1006 3072 1080 3122 etsie
1092 3071 1232 3122 ediderunt

136 3139 221 3189 Paris.
231 3139 290 3189 Pet.
298 3146 324 3188 et
332 3139 427 3189 Cettsr.
440 3139 915 3204 confirmaturhaec,leetioeod.Pntm.
924 3139 950 3187 iu
959 3141 1017 3203 qrio,
1026 3136 1233 3201 testePuteauo,

136 3205 277 3260 invenitur,
287 3221 332 3268 qua
342 3220 395 3254 cum
404 3205 465 3254 bellu
474 3205 575 3268 piurima
585 3222 622 3269 pr.
629 3207 718 3269 campis
728 3206 843 3255 Vindenis
849 3202 943 3266 gessit!
952 3204 1049 3264 Jaeger.
1065 3204 1142 3264 compi
1154 3203 1233 3254 cidere

142 3270 288 3318 Vindonissae
307 3285 339 3319 ex
361 3271 436 3318 codd.
456 3272 572 3320 restituit
593 3269 684 3321 Arntz.
706 3271 775 3320 Vide
793 3270 869 3320 Nott.
888 3270 1011 3318 Vara-3
1024 3268 1088 3316 Exc.
1106 3268 1183 3317 Voss.
1203 3278 1231 3319 et

139 3334 253 3397 Guelph.
262 3336 343 3394 forme
361 3337 499 3386 similitudo.
532 3338 595 3386 Exc.
613 3336 753 3386 Schonhov.
774 3335 877 3384 Putaui.
895 3334 1012 3383 Rhenan.
1031 3331 1066 3380 H.
1088 3331 1180 3396 Steph.
1203 3341 1231 3383 et

136 3399 529 3464 Rivis-1.signute.—5Accipe,
546 3402 568 3450 1.
583 3403 661 3465 accipe
670 3407 803 3451 nostrorum
813 3400 873 3449 edd.
890 3406 954 3448 vett.
982 3397 1016 3447 A.
1035 3397 1058 3445 1.
1075 3399 1231 3460 accipientem

136 3470 272 3514 murorum
282 3467 383 3515 Bertin.
396 3466 463 3514 unde
473 3466 556 3516 Lirin.
564 3468 630 3530 conj.
646 3471 733 3530 accipe,
743 3466 848 3529 iriquum,
858 3471 989 3514 nostrorum
996 3479 1006 3520 ,²
1020 3462 1107 3510 Moert.
1118 3462 1190 3512 Gnd.
1202 3472 1230 3511 et

135 3531 201 3580 Exc.
214 3530 292 3578 Voss.
308 3532 340 3580 A.
352 3532 375 3578 l.
384 3532 509 3594 ancipitem
521 3537 661 3587 nostrorum,
697 3547 753 3580 riam
765 3532 902 3580 lectionem
915 3529 1010 3591 primus
1024 3528 1125 3588 recepit
1138 3527 1230 3576 Arutz.

132 3596 207 3644 Dolet
217 3596 278 3644 Ver.
290 3595 374 3645 Lirin.
385 3597 487 3645 Bertiu.
499 3596 582 3645 Paris.
594 3549 896 3646 (eruti’ararotcettar.
906 3594 1003 3657 Jaeger.
1019 3593 1134 3642 Dolsmus
1142 3594 1230 3642 Macri.

133 3660 246 3724 Gnelph‘.
258 3660 322 3711 Erre.
338 3662 414 3708 Voss.
426 3669 452 3711 et
462 3661 522 3711 edd.
543 3668 608 3711 rett.
641 3662 714 3725 Mox,
724 3665 766 3712 sed
776 3662 850 3712 deest
860 3660 885 3710 in
897 3658 1011 3724 Guelph.
1030 3666 1058 3707 et
1069 3658 1136 3708 sse.
1151 3659 1229 3709 Voti.

130 3727 250 3776 ‘Puteot
259 3727 325 3776 male
336 3726 505 3776 constantius·
515 3727 607 3776 Arntz.

626 3857 734 3907 NOTAE

162 3959 298 4008 ⁵Primnm
319 3959 380 4021 Imp.
390 3955 484 4022 filium]
503 3956 586 4007 Quem
608 3957 660 4018 pri·
729 3957 737 3989 ¹
755 3951 1055 4016 VindonissoeWindonis]
1072 3950 1156 4008 Infra.
1172 3954 1234 4002 Vin»

130 4050 197 4085 nrum
219 4052 252 4085 ex
270 4037 372 4086 Helena
397 4037 523 4098 suscepit,
542 4049 600 4084 cum
620 4050 659 4084 es·
694 4033 804 4082 douissae.
837 4032 974 4082 Vindonns
1000 4044 1045 4079 seu
1068 4030 1229 4080 Vindonissa

127 4123 168 4162 ret
186 4114 211 4162 in
228 4115 312 4176 primo
329 4114 415 4165 aetatis
432 4111 504 4169 flore,
521 4120 659 4177 autequam
694 4109 757 4160 urbs
779 4111 805 4158 iu
829 4107 960 4164 Helvetia,
982 4106 1015 4155 ad
1038 4105 1227 4157 Ambrooicum

127 4190 287 4239 Theodoram
301 4191 456 4242 Maximiani
474 4190 552 4242 titiam
569 4189 657 4254 conju·
694 4201 797 4252 pagum,
829 4192 938 4250 propter
970 4181 1077 4234 Arciam
1108 4181 1228 4248 fluvium,

126 4281 184 4333 gem
196 4267 308 4333 accepit.
693 4279 761 4317 nuuc
776 4262 917 4314 Winsdisct.
