2730 4726
128 313 216 380 1598
531 323 664 376 narrm
690 323 827 375 PAGA'H

127 480 268 564 poterat.
293 473 344 539 ²4.
366 471 532 557 Alioquin
548 471 722 556 quomodo
742 478 871 538 tantam
892 471 1112 556 concepisset
1132 474 1228 541 auos

127 582 228 659 ciam,
243 585 282 643 ut
294 595 390 642 ruere
401 576 585 653 insenum,
600 581 635 639 et
655 574 791 640 obviam
811 577 911 639 morti
925 576 1037 639 venire
1055 582 1126 644 tam
1141 579 1226 664 igna-

128 703 194 750 rus
208 689 246 748 et
259 683 380 747 timeus
394 679 512 746 mortis
527 679 675 757 auderet,
687 684 723 743 ut
738 679 798 762 qui
813 698 849 743 se
863 690 928 743 uon
943 683 1094 763 potnerit
1109 692 1228 768 postea

128 786 185 853 vel
214 785 328 852 victus
356 782 531 849 occiderat
575 783 608 847 5.
635 780 681 845 Et
710 781 916 865 tequidem,
944 782 1140 867 Imperator
1163 785 1228 851 Au«

128 893 238 972 guste,
250 886 294 952 ad
311 884 527 950 asserendam
541 883 798 966 rempublicam,
810 885 1110 970 usurpandamque
1126 889 1231 953 victo·

128 993 225 1068 riam,
249 989 440 1054 suffecisset
461 990 497 1053 in
520 986 689 1052 bellaret
717 986 821 1050 solum
841 990 972 1054 venire:
994 1001 1074 1054 nant
1099 991 1132 1054 si
1156 991 1230 1055 olim

129 1094 266 1172 domini,
294 1092 470 1157 adversum
506 1091 650 1155 rebelles
686 1108 802 1155 servos
831 1090 1033 1168 dimicaturi,
1061 1094 1171 1177 flagra
1201 1096 1231 1159 in

129 1199 256 1262 aciem⁰
269 1195 468 1273 detulerunt,
484 1200 644 1278 tantaque
657 1195 710 1258 vis
730 1194 945 1260 couscientiae
965 1197 1043 1274 suit,
1059 1202 1099 1262 ut
1122 1199 1168 1262 ab
1188 1199 1230 1262 iu-

128 1300 275 1364 ermibus
302 1303 507 1364 verterentur
531 1298 662 1376 armati,
687 1302 731 1374 et,
756 1298 817 1381 qni
845 1298 1036 1363 obtulerant
1063 1301 1230 1365 mortibus

128 1410 279 1486 pectora,
295 1402 413 1467 darent
434 1409 528 1485 terga
544 1402 762 1482 verberibus3
784 1420 896 1467 nonus
917 1409 953 1468 tu
973 1422 1113 1488 quoque
1134 1405 1233 1488 legio-

129 1507 228 1570 nibus
243 1507 366 1572 otiosis
380 1526 454 1571 reru
465 1511 567 1570 totam
583 1505 680 1568 visus
695 1503 845 1586 egissent
1087 1509 1091 1515 '

134 1646 137 1652 -
173 1607 263 1678 Car.
288 1624 407 1673 xxxr.
451 1606 483 1671 1.
504 1608 562 1674 An
584 1607 747 1672 sustinere
770 1616 805 1673 te
826 1627 954 1687 coram,
969 1618 1004 1674 et
1024 1609 1138 1674 solum
1157 1620 1229 1676 ocu·

128 1710 235 1775 lorum
265 1714 395 1777 tuorum
421 1711 507 1775 ferre
533 1709 723 1794 conjectum
749 1711 806 1775 ille
827 1711 998 1795 quondam
1020 1713 1144 1777 domus
1168 1716 1229 1779 tue

129 1813 611 1897 negligentissimus-rrerunia,p
626 1812 917 1898 mensularumque
935 1814 1113 1880 servilium
1127 1824 1229 1881 stata·

129 1917 201 1981 rius
225 1917 298 1983 lixa
322 1917 510 2001 potuisset?
533 1938 600 1982 non
623 1917 737 1981 statim
761 1923 867 1982 totum
892 1919 1041 1982 subisset
1063 1918 1227 1983 hominem

130 2021 303 2104 praeterita
317 2021 372 2085 sui
387 2023 503 2105 tuique
518 2019 713 2104 reputatio?
735 2039 802 2084 nou
824 2021 900 2103 ipse
918 2021 985 2084 sibi
998 2021 1187 2104 objecisset
1201 2027 1229 2084 te

130 2142 207 2188 esse
223 2124 434 2209 triumphalis
450 2125 517 2189 viri·
532 2124 675 2204 iiiiom3q
698 2142 735 2188 se
757 2125 861 2207 patris
882 2124 1087 2188 incertum't‘
1111 2132 1145 2191 te
1165 2125 1227 2188 bae·

129 2225 244 2291 redem
266 2227 487 2294 nobilissimae
509 2228 666 2310 familiae;
693 2246 731 2292 se
753 2220 953 2292 clier'rtemtr
974 2233 1006 2294 te
1030 2227 1126 2293 omni
1148 2234 1227 2294 retro

164 2411 172 2443 ¹
189 2409 222 2460 Se
232 2409 318 2461 incerti
325 2411 413 2474 patris.

131 2625 159 2670 et
168 2620 229 2672 Vct.
244 2620 406 2673 Puteum-t
423 2621 489 2672 Edd.
501 2630 565 2675 vett.
582 2641 651 2675 ruere
661 2626 780 2687 inferum
800 2627 918 2676 Rhenau.
929 2626 955 2675 iu
967 2641 1011 2675 ora
1025 2627 1068 2676 ed.
1079 2642 1135 2678 auae
1147 2627 1229 2678 admo·

131 2694 178 2735 net
190 2687 338 2750 legendum,
358 2691 469 2745 ruerejn
481 2690 601 2750 ipserum
624 2692 692 2740 node
710 2692 831 2740 Baiduin.
848 2694 952 2742 ruerer'o
970 2693 1108 2752 infernum
1128 2695 1230 2747 Juretus

131 2752 234 2806 emend.
251 2755 357 2803 sueretu
369 2755 480 2814 smum
498 2765 524 2803 et
541 2756 577 2804 sic
597 2758 672 2819 piune
688 2766 761 2806 extat
773 2759 798 2806 in
812 2759 873 2805 Vet.
888 2759 997 2806 Puteum.
1010 2768 1039 2807 et
1059 2760 1126 2808 Ere.
1138 2760 1229 2809 Sciron·

130 2816 189 2866 bor.
223 2818 277 2868 Pro
286 2824 399 2881 potuerit,
411 2820 524 2882 Goetpb.
537 2821 617 2873 babet
625 2828 775 2884 poterut-5
794 2823 911 2888 Equidem
920 2823 1034 2887 Gueipb.
1047 2825 1156 2874 Puteot.
1167 2826 1230 2875 Rbe-

131 2897 191 2931 nun.
203 2882 236 2931 al.
248 2893 315 2934 vett.
342 2886 376 2932 Et
387 2890 410 2932 te
422 2887 513 2947 quidem
524 2887 589 2936 Erro.
602 2888 746 2937 Sebonbor.

163 2947 230 2997 cro.
243 2962 329 2998 xxxr.
356 2953 369 2996 l
387 2950 440 2999 Pro
451 2950 678 3015 negligentissimus,
690 2954 757 3017 quod
770 2962 874 3001 servant
883 2967 972 3004 ornnes
981 2952 1059 3004 codd.
1085 2955 1230 3017 neglectissi-

129 3015 550 3065 mrrsmaIteutLivin.etAcidat.
582 3019 656 3077 Mox,
675 3019 1035 3068 servitiumdeestiussertin.
1067 3020 1232 3085 Pauiopost,

128 3079 208 3140 putris
225 3080 311 3128 incuti
328 3083 444 3145 reposuit
463 3083 584 3132 Batduiu.
613 3085 667 3132 Pro
684 3099 710 3133 re
725 3084 842 3147 clientem,
859 3085 917 3134 cod.
932 3084 1108 3135 Schwarziau.
1122 3086 1232 3138 habetne

131 3144 246 3194 rictorem.

627 3213 734 3263 NOTAE

163 3314 176 3339 ⁰
194 3307 284 3369 Flagra
300 3309 327 3357 io
346 3311 432 3376 eciem]
453 3311 483 3361 Id
505 3311 537 3360 de
555 3311 661 3375 Scythis
703 3325 741 3359 ιν.
760 3309 901 3359 Maximum
923 3309 1060 3361 Theodosii
1082 3314 1232 3365 commilito·

130 3382 247 3433 referunt
258 3386 408 3438 Herodotus
426 3389 498 3439 initio
516 3391 661 3452 Melpome·
702 3403 760 3437 nem
781 3387 859 3437 fuisse
878 3389 951 3437 dicit.
983 3387 1036 3438 Sed
1054 3405 1126 3453 quur,
1142 3393 1231 3456 utjaru

130 3477 186 3524 ner,
206 3463 325 3515 Justiuus
350 3467 394 3516 tib.
416 3482 449 3517 rr.
472 3476 500 3516 et
523 3467 659 3516 Claudiuu.
702 3481 772 3527 saepe
785 3467 848 3527 dixi,
859 3466 917 3515 hnic
930 3466 1029 3514 auctori
1040 3465 1107 3515 fides
1120 3483 1179 3519 esse
1192 3470 1231 3520 de·

131 3540 241 3602 Eutrop.
252 3554 271 3587 r.
283 3542 404 3590 508.‘Ut
415 3544 511 3606 Scytha
522 3552 581 3605 post
595 3544 660 3591 mut·
702 3541 782 3590 beat?
807 3543 863 3591 Nisi
876 3543 944 3591 torte
956 3544 1159 3595 commilitonem
1171 3548 1231 3596 The·

130 3623 171 3666 tos
183 3616 287 3665 rediens
304 3619 432 3667 exercitus
443 3635 522 3666 anuos
536 3619 600 3668 Cum
612 3618 661 3667 sibi
702 3619 782 3668 odosii
799 3628 887 3680 vocet,
902 3621 946 3684 qui
963 3620 986 3668 ei
1006 3624 1136 3684 pugnanti
1154 3624 1231 3672 instar

131 3695 220 3743 serviti
240 3710 287 3756 pro
304 3694 396 3743 tinibus
413 3697 488 3744 obvia
502 3698 582 3758 pubes
594 3697 662 3760 iret,
701 3697 798 3746 calonis
833 3706 876 3746 eut
906 3696 1020 3745 vernule
1055 3698 1231 3750 urinistrasset.

131 3777 159 3820 et
176 3782 276 3820 arceret
291 3772 408 3821 dominos
424 3773 515 3821 tettnre
533 3789 661 3836 reversos,
704 3771 808 3823 Vernulu
825 3782 910 3822 autern
930 3774 952 3822 is
967 3778 1018 3830 est,
1029 3773 1073 3837 qui
1092 3788 1127 3822 ex
1140 3774 1230 3825 furonis

131 3846 267 3897 Armatam
283 3850 392 3898 ortensis
410 3850 491 3899 eciem
509 3848 600 3900 fudere
615 3849 661 3900 fla·
700 3859 786 3900 natus.
818 3851 861 3901 Itu
882 3851 967 3914 glossa
990 3848 1113 3901 editionis
1134 3853 1223 3902 Barite·

131 3925 226 3986 gellis!
501 3936 503 3938 ’
701 3928 780 3977 ensis.
1034 3972 1037 3976 .
1111 3981 1114 3988 Δ

163 4011 175 4044 Ρ
195 4004 418 4065 negligentissimus
429 4003 538 4065 omnnio]
556 4005 661 4067 Nempe
734 4013 746 4046 t
765 4003 1077 4070 Triumpbrtr'soirifilium]
1094 4004 1228 4055 Theodosii

131 4078 271 4139 Maximus,
282 4095 358 4146 quem
371 4096 430 4129 mox
447 4082 597 4130 ‘statarium
613 4083 659 4130 tix·
701 4089 777 4147 puter
790 4083 955 4145 triumphalia
966 4089 1099 4131 meruerat
1111 4091 1171 4147 post
1181 4082 1227 4133 Gn·

132 4157 198 4215 anr,’
219 4157 347 4207 Arrsouins
366 4159 537 4221 ‘armigerum
558 4159 661 4221 iixum,'
701 4161 913 4220 thossnperatos.

131 4233 377 4306 appeliatPacatus.
399 4236 481 4302 Atqui
489 4235 607 4286 Zosimus
616 4237 661 4286 lib.
733 4245 743 4270 ¹
759 4236 920 4300 rectiorem]
936 4238 999 4287 'I'uae
1009 4235 1125 4289 familia.

112 4426 171 4439 ..fl-
