2730 4726
504 310 652 365 rnunar
675 314 888 366 11111111.
1158 303 1246 370 1119

149 454 223 524 nibil
240 455 379 524 omnino
392 477 440 524 ex
461 457 517 538 iis,
533 477 610 544 quae
625 459 832 526 illustrandis
846 458 1063 529 Orationibus
1078 461 1173 529 bisce
1193 464 1244 529 inis

146 561 306 640 serviunt,
328 559 511 650 desiderari
533 562 779 646 possitneque
802 571 912 628 tamen
934 563 1259 653 superuacaneum-⁸

142 669 271 746 guntur.
316 663 400 729 Mea
420 663 705 730 animadversione
726 673 798 728 tum
812 665 946 731 demum
960 684 1046 750 opus
1060 685 1136 733 esse
1152 668 1245 752 judi·

141 767 231 843 cavi,
246 785 325 831 cum
342 766 444 832 variae
465 766 620 832 lectionis
635 768 723 832 ratio
737 767 904 834 reddenda
918 776 1004 848 erat,
1017 769 1071 835 vel
1083 771 1243 854 quaedam

139 868 276 933 uberius
296 875 333 932 et
351 869 529 934 liberalius
543 867 754 948 declaranda,
772 870 828 935 vel
842 871 1013 937 sententiae
1028 871 1167 938 aliorum
1182 874 1241 939 du·

137 969 206 1035 biae
227 975 287 1034 aut
306 969 407 1035 falsae
423 990 499 1035 esse
514 969 720 1036 videbantur.
765 970 807 1037 Io
823 971 878 1036 his
895 972 1072 1056 arguendis
1092 993 1156 1038 non
1170 975 1244 1040 ina·

137 1091 213 1136 nem
228 1072 384 1137 vincendi
397 1072 729 1138 libidinemseontus
738 1093 824 1146 sum,
836 1073 896 1138 sed
912 1075 1123 1140 commodum
1137 1076 1247 1142 lecto·

136 1176 185 1238 ris
200 1175 365 1259 spectaui.
410 1174 581 1241 Putabam
603 1176 704 1247 enirn,
719 1177 753 1240 in
771 1177 898 1260 quibus
915 1175 1080 1242 Gruterus
1094 1179 1150 1244 rel
1165 1178 1243 1245 Gel-

134 1278 245 1342 larius
257 1283 413 1356 errasset,
427 1277 527 1343 facile
539 1278 627 1342 alios
642 1278 715 1343 falli
731 1297 846 1362 posse,
864 1279 967 1344 etiam
987 1280 1049 1364 qni
1062 1299 1131 1345 non
1147 1301 1241 1366 pror-

136 1398 198 1444 sus
213 1380 251 1445 in
263 1380 315 1444 his
328 1380 431 1445 rebus
445 1380 653 1445 caecutirent.
698 1368 843 1445 Omnino
858 1380 895 1445 id
908 1380 1025 1446 studui
1045 1379 1189 1463 efficere,
1205 1391 1242 1451 nt
1319 1448 1321 1452 .

136 1482 320 1548 Orationes
337 1483 391 1550 he
410 1483 600 1567 perspicuae
614 1488 729 1570 essent
742 1482 812 1548 illis
825 1502 971 1568 qnoque,
984 1485 1053 1569 qui,
1068 1491 1127 1552 aut
1142 1507 1241 1571 prop.

135 1593 189 1650 ter
212 1589 359 1663 aetatem,
382 1591 440 1650 aut
460 1585 709 1664 educationem,
723 1593 766 1650 et
781 1585 944 1654 11111111
966 1589 1162 1668 studiorum,
1183 1595 1241 1655 aut

134 1688 218 1753 ritae
233 1706 350 1770 genus,
371 1707 440 1752 non
454 1687 572 1752 statim
595 1689 708 1772 primo
725 1687 847 1775 obtutu
867 1695 1132 1774 assequerentur,
1147 1710 1243 1774 qnae,

134 1791 181 1854 ab
206 1789 324 1872 aliqua
346 1796 443 1874 parte
467 1789 669 1855 eruditionis
690 1791 845 1874 repetita,
869 1796 997 1875 praesto
1020 1811 1098 1857 esse
1119 1791 1240 1858 debent

133 1891 345 1969 intellectore
366 1895 537 1969 auctores,
565 1892 750 1959 reconditae
774 1891 934 1959 doctrinae
959 1892 1048 1957 baud
1071 1901 1238 1978 expertes.

133 1993 274 2060 Accidit
293 2004 540 2076 nonnunquam,
558 1999 597 2058 ut
616 1993 693 2072 riri,
712 1993 772 2076 qni
794 1994 831 2058 in
849 1994 901 2078 bis
920 1994 1026 2058 literis
1041 1994 1242 2071 babitarenta

133 2098 238 2162 etiam
254 2096 312 2181 qui
327 2114 396 2161 nou
409 2096 606 2173 babitarent,
623 2095 684 2160 sed
707 2095 858 2178 speciem
881 2095 1074 2160 affectarent
1088 2096 1238 2181 copiosae

134 2199 348 2278 eruditionis,
363 2205 523 2283 tauquam
538 2197 686 2264 trivialia
701 2202 904 2281 spernerent,
919 2216 998 2283 quae
1011 2199 1056 2262 ab
1072 2199 1147 2263 aliis
1163 2199 1238 2284 jam

133 2300 260 2367 1111111
276 2301 391 2367 doceri
413 2302 652 2366 meminissent
697 2300 824 2366 Verum
839 2300 926 2366 hane
944 2300 1177 2368 morositatem
1202 2307 1238 2368 et

133 2405 357 2492 arrogantiam
386 2404 472 2470 satis
498 2401 859 2486 1111111111Η1111,1
885 2422 961 2469 cum
984 2423 1052 2487 quo
1078 2403 1237 2488 equidem

132 2507 249 2573 malim
265 2525 383 2585 errare,
398 2525 499 2589 quam
516 2525 597 2573 cum
608 2507 686 2571 istis
703 2525 780 2570 vera
795 2506 930 2570 sentire.
961 2503 1070 2571 Attuli
1085 2506 1185 2589 igitur
1198 2506 1237 2575 in

131 2609 188 2688 iis,
215 2629 297 2692 quae
315 2628 384 2673 non
407 2608 508 2673 nimis
527 2607 661 2673 facilem
686 2607 894 2672 intellectum
913 2608 1051 2686 babent,
1064 2607 1238 2691 quaedam,

133 2731 211 2796 quae
221 2711 365 2777 aliunde
383 2708 456 2794 jam
479 2729 517 2774 se
536 2709 701 2774 didicisse
715 2710 810 2775 docti
825 2709 1044 2789 orbitantem
1064 2709 1122 2774 sed
1140 2709 1236 2775 attuli

131 2814 243 2879 verbis
263 2814 492 2897 paucissimis,
515 2819 551 2877 et
572 2812 632 2891 ita,
651 2817 691 2877 ut
709 2812 866 2877 lectorem
886 2829 1019 2893 semper
1037 2825 1080 2875 eo
1100 2811 1236 2892 ablega·

131 2937 211 2995 rem,
233 2916 294 2980 nbi
318 2935 374 2980 res
396 2916 506 2981 fusius
531 2915 737 3000 disputatur
781 2913 964 2979 Praeterea
974 2931 1058 2976 cunr
1074 2932 1139 2977 non
1160 2913 1235 2978 sine

132 3018 300 3084 molestia
305 2999 513 3083 desideretur
533 3018 595 3084 lox
617 3037 672 3094 ea,
693 3035 772 3100 quae
792 3017 930 3080 umbras
953 3015 998 3080 ab
1020 3014 1184 3085 Historiae
1202 3023 1235 3082 et

132 3121 360 3205 Gangraplriao
384 3121 591 3204 ignoratione
612 3119 740 3184 offusas
763 3118 937 3196 discutiat,
952 3135 1020 3183 non
1035 3118 1234 3201 negligenda

131 3244 209 3288 esse
236 3222 321 3287 1111
344 3222 484 3286 nomina
501 3221 683 3298 hominum,
704 3221 864 3303 gentium,
886 3218 1032 3298 urbium,
1051 3220 1234 3302 regionum,

131 3326 256 3410 quibas
272 3324 398 3408 aliquid
410 3322 508 3389 inest
522 3321 751 3405 difficultatis;
772 3323 883 3406 iisque
897 3320 1107 3387 illustrandis
1120 3322 1233 3386 locum

130 3426 390 3493 commodiorem
404 3445 481 3492 esse
495 3426 533 3490 in
546 3426 762 3504 annotatione
778 3422 886 3491 textui
900 3424 1065 3508 subjecta,
1079 3443 1181 3508 quam
1196 3426 1232 3489 in

130 3530 262 3608 Indice,
278 3527 403 3594 credidi
418 3528 535 3612 peritis
546 3527 663 3592 burum
678 3545 785 3592 rerum
802 3523 1002 3609 jndicibus‘¹

172 3631 242 3696 His
257 3631 299 3695 11
315 3630 449 3695 consilii
465 3633 499 3694 et
518 3648 631 3714 operae
653 3647 739 3693 mear
756 3627 886 3692 ratione
906 3624 1086 3710 expositis,
1113 3593 1239 3690 addidi·

128 3735 164 3800 in
179 3732 398 3812 Praefatione,
412 3732 530 3799 decern
553 3730 674 3796 abhinc
696 3729 792 3795 annis
808 3730 948 3813 scripta,
964 3726 1231 3804 emendationes,

129 3842 164 3905 et
192 3837 332 3915 munita,
366 3856 444 3920 quae
480 3853 613 3902 mecum
649 3835 960 3901 communicaverat
995 3830 1231 3896 celeberrimus

131 4030 173 4130 ‘P
189 4088 223 4138 ln
234 4085 319 4138 Praei
330 4085 540 4153 1111110111
554 4084 614 4134 En
595 4084 655 4148 rrpi·
730 4081 819 4133 tVid.
830 4083 934 4145 Aligern
917 4080 1027 4130 rDerrt
1044 4075 1160 4127 Bibliotlt.
1177 4078 1227 4129 rol.

126 4163 194 4230 111,
206 4163 275 4215 acl.
288 4163 523 4215 Facioillustratae.
534 4163 657 4224 degeres
698 4175 802 4213 xxvrrr.
795 4177 840 4226 ..p
834 4164 909 4211 166.
926 4146 1003 4208 lnam.
