2730 4726
156 303 242 370 1148
669 318 756 367 vrrs

156 485 178 530 a
209 461 420 546 praetorianis
447 463 684 547 imperatorem
709 461 827 541 audiit,
853 461 1013 528 Lucaniae
1039 461 1259 528 solitudinem

160 567 295 645 deserit,
310 566 343 630 in
365 565 513 649 speciem
537 574 575 631 ut
594 574 704 632 motus
727 566 918 651 reipublicae
938 566 1145 630 imminentes
1160 567 1260 632 seda-

156 679 227 750 ret3
249 687 369 734 revera
382 676 507 748 autem,
520 674 556 734 nt
569 676 749 735 resumeret
765 670 949 752 imperium.
995 667 1102 732 Porro
1118 667 1258 734 Diocle-

156 773 286 837 tianum
309 771 473 837 Carnunti
500 772 535 835 in
561 770 751 850 Pannonia,
776 790 840 835 uon
861 769 1000 835 Gamuti
1015 771 1047 834 in
1063 769 1203 848 Celtica,
1219 779 1261 836 nt

157 874 232 940 vult
247 875 419 950 Zosimus,
435 880 583 956 agentem
607 874 650 938 ad
677 875 766 938 idem
791 871 982 937 faciendum
998 872 1056 956 per
1068 871 1186 936 literas
1200 891 1261 938 co·

156 975 318 1042 hortatur.
360 976 408 1041 At
422 976 496 1040 ille:
518 975 704 1054 ‘Utinam'
726 976 845 1059 inquit,
871 975 1031 1040 ‘Salonas
1046 976 1192 1059 possetis
1207 977 1260 1040 vi·

158 1098 233 1144 sere
264 1079 354 1144 olera
382 1080 501 1144 nostris
530 1079 687 1142 manibus
716 1078 889 1143 instituta!
911 1077 1064 1161 prolecto
1084 1097 1259 1162 nunquam

157 1181 250 1246 istud
271 1181 464 1247 tentandum
482 1178 704 1264 judicaretis!
748 1178 827 1259 Qua
842 1178 1053 1245 Diocletiani
1074 1181 1261 1245 constantia

158 1281 392 1348 Maximianus
412 1283 514 1347 nihilo
540 1283 647 1365 magis
669 1285 712 1347 ab
736 1285 874 1365 incepto
896 1281 1086 1360 deterritus,
1108 1281 1259 1349 Romam

158 1385 341 1464 contendit,
367 1386 425 1449 nbi
451 1385 637 1468 insignibus
663 1384 898 1468 imperatoriis,
913 1391 947 1449 et
961 1384 1107 1466 Augusti
1121 1385 1259 1449 nomine

159 1489 284 1553 iterum
299 1497 423 1565 sumto,
441 1487 636 1552 Ravennam
650 1490 756 1566 veuit,
772 1488 930 1553 Severum
946 1489 1038 1554 mala
1049 1488 1166 1553 fraude
1182 1508 1260 1571 per·

158 1591 220 1667 dit,
235 1590 293 1654 sed
308 1598 341 1656 et
356 1591 568 1656 Maxentium
584 1592 662 1656 dolo
678 1592 904 1676 nequicquam
922 1591 1069 1670 adortus,
1084 1611 1119 1655 re
1132 1591 1259 1673 agnita,

159 1712 341 1778 purpuram
355 1693 464 1758 denno
478 1694 586 1773 exuit,
600 1714 642 1759 ac
657 1714 724 1758 non
740 1695 812 1759 sine
827 1695 904 1759 vitae
917 1694 1065 1779 periculo
1079 1693 1260 1772 Treveros,

158 1794 282 1862 Galliae
296 1795 447 1878 Belgicae
462 1798 588 1874 urbem,
603 1796 647 1862 ad
657 1796 925 1876 Constantinum,
939 1798 1004 1860 sub
1020 1796 1133 1880 specie
1145 1796 1262 1875 officii,

158 1899 336 1965 moliturus
350 1899 381 1965 ei
399 1918 538 1984 qnoque
560 1898 713 1978 insidias,
729 1898 887 1982 conlegit.
931 1899 1042 1966 Abeo
1057 1899 1261 1965 humanissi-

158 2021 213 2066 me
237 2003 420 2086 excipitur.
462 2001 532 2067 Pro
553 2002 677 2087 quibus
699 2001 820 2069 officiis
840 2002 1072 2068 Maximianus
1096 2002 1261 2068 Faustam

158 2103 264 2187 liliam
279 2105 312 2169 ei
327 2103 388 2170 dat
403 2105 438 2169 in
453 2105 640 2189 conjugem,
656 2126 732 2171 cnm
747 2106 895 2187 Augusti
918 2107 1058 2183 nomine,
1074 2104 1166 2189 quod
1187 2126 1262 2191 prae

159 2207 335 2286 modestia,
348 2214 387 2273 ut
399 2207 558 2285 diximus,
573 2209 637 2275 hue
654 2229 762 2294 usque
777 2216 964 2274 recusarat.
1063 2296 1067 2307 ι

257 2376 300 2442 A.
312 2376 357 2441 U.
369 2377 408 2443 C.
427 2394 540 2444 unxi.
580 2376 657 2444 Chr.
677 2395 835 2443 nccvrrr.
873 2379 1084 2444 Constantini
1103 2393 1160 2442 ιιι.

202 2511 450 2577 Maximianum
473 2510 563 2577 hand
588 2511 719 2576 deliniit
742 2511 818 2577 haec
842 2513 952 2596 generi
972 2513 1026 2576 sni
1048 2512 1280 2588 Constantini¹

159 2615 359 2692 humanitas,
375 2634 417 2680 ac
437 2634 627 2694 concessus
643 2623 681 2680 nt
701 2615 806 2699 aliqui
827 2623 955 2699 putant,
971 2614 1121 2680 decimus
1136 2635 1262 2680 consu·

159 2719 259 2785 latus.
303 2715 395 2798 Quin
412 2719 527 2800 potius
543 2717 756 2784 commodum
778 2717 996 2800 recuperandi
1019 2718 1151 2801 imperii
1175 2722 1261 2781 tem·

159 2841 226 2904 pus
253 2828 384 2891 nactum
411 2841 448 2884 se
474 2839 547 2885 esse
573 2826 678 2901 ratus,
700 2821 914 2885 dissimulato
939 2821 1081 2903 consilio
1102 2820 1262 2885 Treveris

160 2922 314 3000 discedit,
333 2922 468 2988 Arelate
491 2924 627 2989 resumit
650 2944 844 3008 purpuram,
865 2929 932 2988 tum
956 2921 1144 2988 Massiliam
1162 2924 1261 3006 fugit,

161 3024 249 3088 unde
262 3025 491 3106 navigaturum
508 3045 544 3089 se
558 3045 697 3107 sperans
713 3026 747 3089 in
762 3024 895 3089 Italiam
910 3023 953 3088 ad
969 3024 1193 3103 Maxentium,
1212 3026 1261 3090 ibi

162 3146 350 3209 oppressus
376 3126 500 3191 interiit
523 3125 639 3191 fractis
662 3128 785 3209 laqueo
810 3128 1014 3192 cervicibus,
1059 3127 1117 3191 Ita
1139 3125 1262 3193 Victor

47 3297 51 3309 ,
160 3230 197 3293 in
212 3227 302 3312 Epit.
346 3227 386 3294 Si
407 3230 555 3294 Eusebio
579 3229 666 3294 fides
687 3240 750 3307 est,
774 3250 814 3294 se
836 3230 912 3313 ipse
927 3231 1156 3312 strangulavit,
1174 3248 1260 3296 νιιι.

161 3331 215 3396 29.
262 3330 355 3398 Obiit
371 3351 457 3397 anno
472 3333 586 3398 aetatis
602 3333 827 3417 sexagesimo.
873 3334 927 3399 Ex
941 3333 1096 3398 Victore.

247 3515 292 3580 A.
302 3513 346 3578 U.
358 3514 398 3579 C.
416 3533 562 3588 unxrx.
599 3516 678 3583 Chr.
696 3534 849 3583 cccxvi.
887 3518 1099 3583 Constantini
1117 3535 1171 3583 ιιι.

205 3651 438 3717 Diocletianus
473 3654 544 3718 obit
572 3669 629 3716 ιιι.
652 3652 772 3717 Nonas
800 3654 965 3719 Decemb.
997 3655 1058 3718 ‘in
1085 3656 1168 3720 villa
1197 3675 1261 3721 sua

163 3759 309 3842 Spalato
325 3755 414 3819 haud
431 3757 551 3840 procul
567 3754 725 3832 Salonis'
749 3759 856 3844 inquit
867 3759 1044 3837 Zosimus3
1068 3760 1132 3837 vel,
1148 3766 1186 3824 ut
1200 3761 1261 3826 alii

162 3861 286 3943 legunt,
302 3859 458 3923 ‘Salonae
474 3860 506 3922 in
524 3859 613 3923 villae
628 3879 699 3924 suae
715 3861 863 3944 palatio.’
898 3861 951 3925 De
967 3861 1040 3944 ejus
1051 3862 1144 3926 obitu
1156 3864 1260 3928 variae

165 3972 241 4027 sunt
262 3967 435 4028 auctorum
456 3965 637 4028 sententiae.
683 3964 825 4031 ‘Morte
842 3975 1037 4030 consumtus
1052 3964 1129 4042 est,'
1152 3968 1262 4051 inquit

163 4061 295 4138 Victor,
308 4065 317 4097 ‘
328 4070 363 4127 et
378 4065 461 4129 satis
477 4065 584 4148 patuit
599 4085 657 4147 per
667 4067 875 4144 formidinem
888 4068 1087 4132 voluntaria.
1121 4067 1260 4156 Quippe

164 4185 275 4231 cuma
296 4164 516 4234 Constantino
531 4174 634 4250 atque
650 4170 784 4236 Licinio
801 4178 940 4237 vocatus
962 4171 1005 4236 ad
1023 4171 1111 4236 festa
1126 4175 1262 4258 nuptia·
