2730 4726
328 280 575 331 pressae-nn
599 281 824 332 uanunrrnr
850 284 989 344 ransc.
1114 270 1202 339 1127

99 446 163 496 cos
176 425 325 503 veteres:
343 427 461 510 inquit,
484 432 494 465 ‘
510 425 692 511 aliquando
708 429 865 510 percurri,
882 433 1079 496 vetustatem
1096 433 1201 497 cunu-

93 530 173 599 sius
194 529 383 607 excutiens,
396 535 436 597 et
454 529 487 594 iu
511 530 566 594 his
589 530 679 594 inter
704 529 882 611 legendum
901 533 1022 609 obiter,
1040 534 1072 596 in
1089 554 1202 599 meum

93 633 269 699 duntaxat
281 651 395 709 usum,
410 633 568 716 quaedam
585 633 761 713 annotari3
783 633 938 716 quaedam
953 635 1127 700 restituere
1143 655 1202 701 co·

95 743 202 803 natus
226 755 312 810 sum,
328 735 496 822 judicium
520 741 652 801 tuntum
676 755 785 800 meum
801 744 963 803 secutus:
986 757 1063 803 nam
1085 757 1202 805 exem·

97 837 187 920 plari
210 845 343 904 vetrrsto
358 839 526 915 carebam,
537 858 615 905 cum
627 858 697 922 quo
712 839 947 904 conferrem...
960 885 968 901 .
981 840 1139 920 Proinde,
1154 841 1202 905 mi

96 939 206 1018 Luca,
227 941 314 1008 hauc
335 941 650 1023 recognitiunculam
670 941 939 1020 laboriosiorem,
957 961 1059 1025 quam
1074 942 1206 1008 felicio-

98 1061 170 1106 rem
184 1042 352 1122 fortassis,
368 1047 460 1127 (quae
475 1045 563 1108 enim
579 1043 662 1107 l'elix
679 1044 855 1128 castigatio
870 1045 1000 1128 absque
1012 1043 1130 1110 codice
1147 1065 1203 1112 re·
1243 1096 1247 1104 .

98 1151 201 1220 tusto,
218 1145 277 1229 qui
298 1153 409 1234 tamen
429 1165 497 1212 nou
520 1147 658 1212 omnino
678 1147 724 1212 sit
738 1147 981 1229 depravatust)
1003 1147 1065 1212 tibi
1078 1166 1203 1213 nuncu·

97 1265 182 1330 pare
208 1246 328 1323 libuit,'
350 1251 412 1314 &a
456 1247 499 1313 In
523 1248 733 1314 collocandis
759 1248 980 1333 Panegyricis
1006 1249 1094 1314 idem
1119 1249 1202 1316 ordo

93 1341 308 1428 observatur,
331 1351 390 1434 qui
418 1357 469 1417 est
491 1352 525 1415 in
548 1350 700 1415 editione
722 1351 842 1416 Pranc.
863 1352 1055 1418 Puteolani.
1100 1351 1201 1418 Adeo

92 1451 186 1519 hanc
201 1451 343 1519 fortasse
358 1453 479 1518 saltem
492 1472 536 1518 ex
559 1453 694 1535 iugenio
709 1456 875 1536 castigare
890 1460 1030 1518 conatus
1045 1460 1096 1519 est
1110 1454 1202 1520 Rhe·

91 1572 217 1621 uanus
261 1553 391 1620 Preeter
406 1553 651 1638 Panegyricum
676 1553 834 1632 Ausonii,
860 1555 988 1639 adjecti
1015 1562 1092 1634 sunt
1115 1577 1201 1642 quu-

94 1663 176 1722 tuer
204 1655 409 1739 Panegyrici
437 1659 652 1736 recentiores,
682 1678 803 1742 nempe
835 1659 1023 1735 Hermolai‚
1055 1659 1202 1740 Erasmi,

90 1759 295 1846 Pandulplri
312 1760 506 1837 Collenutii,
522 1769 558 1828 et
571 1760 617 1828 G.
632 1761 844 1829 Sauromaci
1025 1766 1027 1771 ’

102 1897 105 1900 ·
139 1861 342 1947 Panegyrici
359 1864 593 1944 Diversarum,
606 1884 694 1930 nunc
710 1865 844 1931 demum
862 1865 1034 1946 recogniti,
1050 1873 1086 1931 et
1101 1865 1134 1929 in
1149 1866 1199 1930 lu·

92 1984 171 2032 cem
191 1965 274 2032 editi
291 1986 350 2050 per
372 1967 519 2034 Paulum
534 1967 699 2048 Narium,
714 1966 892 2045 Venetam,
906 1967 998 2051 apud
1014 1967 1200 2053 Gryphios,

90 2087 184 2135 auno
204 2068 303 2138 1576.
326 2068 359 2136 8.
403 2070 474 2135 Diu
500 2069 678 2136 editionem
698 2070 787 2136 hanc
811 2071 1034 2154 quaesiveram
1060 2069 1199 2151 frustra3

91 2171 228 2242 murm
243 2191 289 2238 ex
302 2173 412 2256 gratia
433 2179 467 2238 et
487 2173 654 2240 beneficio
676 2173 881 2258 perillustris
902 2172 1006 2239 Dom.
1020 2172 1063 2236 de
1078 2171 1199 2239 Bonan

87 2273 195 2362 huju
214 2293 350 2360 quoque
370 2276 450 2341 milri
471 2275 572 2360 copia
592 2275 681 2342 sacta
703 2283 775 2341 est.
810 2275 878 2340 Sed
898 2295 952 2340 res
968 2273 1199 2358 expectationi

89 2378 204 2444 miuus
225 2365 407 2461 respoudit.
452 2378 586 2445 Navius
608 2379 665 2442 ille
688 2379 722 2443 in
744 2378 797 2442 his
819 2378 1038 2460 Panegyricis
1059 2375 1199 2442 edendis

89 2479 354 2547 marmorum
370 2481 580 2562 luitnarus3
602 2481 638 2545 in
663 2480 878 2554 Praetorium,
900 2481 1017 2545 nescio
1036 2499 1148 2563 quam,
1163 2480 1199 2544 in
1246 2537 1249 2544 .

88 2582 188 2649 hisee
202 2582 421 2667 Panegyricis
435 2582 650 2672 emendandis
671 2583 867 2647 industriam
886 2582 1007 2666 jactat.
1052 2580 1198 2660 ‘Quan-

88 2682 189 2764 tam,’
208 2687 328 2769 inquit,
353 2687 484 2750 ‘nostri
502 2684 607 2750 studii
621 2683 724 2749 suerit
739 2685 773 2748 in
788 2684 838 2749 his
854 2683 1083 2760 emendandis,
1097 2685 1198 2750 curri·

88 2788 279 2872 gaudiaque
295 2788 527 2872 Panegyricis,
541 2787 691 2870 optimus
706 2788 853 2870 quisque
875 2805 1080 2866 cognoscere
1100 2789 1196 2868 pote-
1291 2802 1307 2819 ·

89 2893 144 2971 rit,
159 2911 237 2957 curn
255 2891 472 2972 intellexerit,
496 2893 623 2957 nullum
643 2892 744 2955 nobis
768 2889 861 2954 eliud
882 2889 1059 2971 exemplar
1074 2882 1208 2971 suppe-¹

88 2994 200 3074 tiisse,
216 2995 281 3059 nisi
295 2994 391 3073 illud,
407 2996 499 3080 quod
523 2996 627 3062 multu
648 3003 726 3060 ante
749 2992 885 3077 quidam
909 2990 1110 3056 Franclscus
1126 2989 1196 3057 Pu·

89 3096 248 3162 teolanus
267 3114 333 3160 non
352 3098 438 3161 satis
454 3097 633 3180 diligenter
648 3095 856 3178 recognovit.
901 3093 1104 3177 Quanquam
1119 3094 1196 3178 ipse

86 3197 134 3262 de
149 3218 191 3262 se
214 3198 344 3276 referat,
366 3199 618 3283 diligentissime
636 3200 842 3281 recognovit.
887 3196 968 3276 Qui,
983 3203 1106 3280 praeter
1121 3197 1194 3282 typi

87 3300 348 3379 deformitatem,
359 3300 542 3386 (praetereo
555 3303 649 3367 illurn
664 3302 768 3367 Plinii
780 3300 927 3384 Trojano
943 3299 1081 3378 dictum,
1091 3319 1194 3383 quern

87 3423 168 3468 eum
184 3405 307 3470 ceteris
322 3404 395 3488 ejas
413 3405 551 3489 scriptis
569 3407 614 3470 ad
634 3425 775 3488 unguem
791 3404 899 3471 Aldus
922 3403 1034 3467 senior
1049 3403 1144 3482 vidit,
1159 3411 1196 3469 et

87 3501 286 3594 impressit)
297 3511 471 3574 verborum
488 3510 803 3588 inemendationem,
817 3510 935 3593 puncti
950 3509 1095 3587 lituram,
1108 3508 1195 3596 ordif
1313 3580 1320 3598 .

86 3631 325 3696 centenaque
350 3618 536 3694 temporum
564 3619 597 3676 et
631 3615 872 3696 imperatorum
907 3613 1053 3689 invertit,
1078 3611 1193 3694 etqui

87 3715 218 3799 priores
234 3721 341 3785 erant,
358 3715 561 3799 posteriores
577 3718 699 3781 emisit.
736 3716 811 3781 Nos
826 3735 918 3792 vero,
932 3715 996 3780 etsi
1011 3716 1192 3798 impresso-

84 3838 159 3883 rum
176 3818 305 3882 incnria
319 3817 449 3902 aliquid
464 3820 510 3883 sit
527 3820 803 3904 praetermissum,
822 3826 858 3882 nt
874 3819 1060 3902 potuimus,
1077 3817 1191 3881 obser-

85 3921 256 3999 vavimus,
271 3940 311 3985 ne
327 3921 408 4003 quid
427 3922 538 3986 adlruc
560 3943 661 3988 nemo
683 3923 826 4004 amplius
841 3922 875 3985 in
891 3922 1136 4002 iis‘expeleret,
1153 3926 1192 3985 ut

82 4024 122 4089 iu
136 4023 216 4088 aliis
229 4025 332 4089 etiam
347 4022 442 4088 libris
458 4032 624 4109 perpetuo
635 4025 821 4111 praestituri
833 4043 961 4089 sumus.
987 4022 1191 4105 Argumenta

85 4125 295 4211 adjecimus3
318 4126 354 4192 in
369 4128 504 4212 quibus,
519 4129 590 4212 qui,
602 4127 739 4213 quando
761 4126 905 4211 imperio
929 4123 1032 4209 potiti
1052 4131 1141 4205 sunt,
1156 4134 1190 4192 et
