2730 4726
459 308 743 359 ranucrnrcus.
780 306 852 358 xri.
873 294 906 358 4.
928 352 936 362 ,
1144 295 1234 363 1559

129 445 210 530 nam
225 479 302 526 cum
316 477 377 542 par
390 475 426 523 se
440 456 546 523 vivax
561 457 607 522 sit
620 455 807 522 recordatio
819 455 1057 539 calamitatum,
1070 464 1141 524 tum
1154 460 1235 527 mibi

131 570 245 631 metus
259 561 345 629 hano
360 558 555 642 gaudiorum
570 559 786 642 praesentium
804 559 915 623 lucem
929 561 1074 624 tristium
1088 581 1236 630 comme·

131 666 319 733 moratione
344 661 497 729 fuscare!
547 663 580 727 5·
614 661 754 729 Faciam
777 681 879 746 ergo,
897 661 989 744 quod
1013 661 1126 740 facere
1147 685 1234 749 praa·

131 775 262 835 stantes
288 765 429 833 scientia
457 764 612 829 medicos
641 784 734 848 saepe
763 763 858 846 vidi·;
889 765 1031 830 altorum
1060 767 1235 837 vulnerum

128 871 324 948 cicatrices,
338 855 521 954 postquam
541 874 650 933 cutem
674 868 816 934 sanitate
838 868 1016 948 duxerunt,
1037 890 1138 935 manu
1154 893 1235 955 pen·

131 975 232 1042 dente
243 973 408 1047 tractabo,
422 990 484 1055 per
495 972 679 1041 sententias
690 971 768 1047 isse,
784 981 819 1037 et
831 973 980 1055 singulos
992 975 1236 1058 universosque

131 1077 302 1160 rogitasse
318 1080 507 1150 contentus,
530 1093 584 1149 an,
610 1093 687 1138 cum
708 1073 793 1139 inter
815 1094 931 1139 omues
955 1075 1112 1159 liquerat,
1135 1077 1235 1143 fessis

131 1181 235 1247 robus
259 1176 466 1255 medendum,
499 1177 559 1242 tali
584 1176 699 1260 aliquo
724 1176 796 1242 viro
826 1178 973 1262 publicis
1001 1178 1234 1262 gubernaculis

131 1281 358 1361 admovendo,
379 1282 438 1363 qui
461 1280 680 1363 Imperatoris
702 1280 833 1345 uniusu
848 1288 993 1349 tueretur
1015 1289 1161 1360 aetatem,
1186 1282 1233 1346 al·

131 1383 260 1451 toriusr
279 1384 414 1468 juraret
427 1385 588 1461 laborem,
610 1384 819 1468 potuerimus
832 1383 1022 1468 hujusmodi
1041 1383 1233 1468 Principem

130 1487 188 1556 vel
200 1494 328 1570 optare.
370 1486 404 1552 u
427 1487 468 1551 In
483 1488 611 1567 integro
625 1487 740 1569 itaque
756 1506 825 1551 rem
842 1493 946 1552 totam
967 1506 1041 1551 asse
1057 1487 1233 1568 faciamus,

131 1598 168 1660 et
182 1591 218 1655 in
232 1589 378 1674 quodam
393 1591 482 1654 orbis
498 1595 658 1654 terrarum
674 1589 812 1654 comitio
827 1591 935 1674 quaeri
956 1596 1122 1674 putemus,
1143 1591 1233 1672 qnis-

131 1713 211 1763 nam
226 1693 271 1759 sit
284 1692 354 1771 ille,
373 1692 433 1776 qui
452 1692 572 1756 debeat
586 1696 713 1757 tantam
733 1691 858 1756 molem
883 1693 1007 1769 subire,
1030 1697 1062 1755 et
1084 1692 1234 1759 nutantia

132 1794 309 1865 Romanae,
324 1795 372 1861 rei
398 1793 470 1860 fata
492 1792 688 1876 suscipata:
709 1812 814 1856 nonne
841 1793 871 1857 is
897 1795 1046 1859 omnium
1065 1793 1235 1877 suffragiis

129 1897 302 1965 hominnm
317 1897 467 1964 tributim
482 1895 780 1979 centuriatimqoe⁸
804 1895 979 1978 legeretur,
1003 1896 1057 1960 cui
1072 1895 1155 1961 felix
1171 1916 1234 1979 pa·

130 2000 220 2076 tria,²
243 1999 298 2063 cui
317 1999 437 2063 domus
452 1999 554 2072 clara,
577 1997 632 2061 oni
647 1995 754 2061 torma
769 1994 895 2074 divina,
919 1999 975 2061 cui
990 2003 1075 2062 aetas
1091 1998 1233 2080 integra,

129 2100 189 2168 cni
203 2101 398 2166 militarium
413 2101 627 2182 civiliumque
643 2117 747 2162 rerum
763 2118 845 2163 usus
861 2099 1084 2182 contigisset?

175 2202 265 2270 (iar.
285 2221 336 2268 ιν.
381 2203 413 2268 1.
436 2203 568 2269 Cuncta
595 2202 701 2285 igitur
726 2221 749 2266 a
776 2202 886 2284 capita
912 2205 1092 2287 proposito
1116 2207 1232 2272 ordine

131 2325 386 2392 prosequamur,
402 2305 473 2390 jam
495 2303 648 2388 proiecto
674 2304 844 2371 constabit
866 2323 941 2372 eum
964 2304 1159 2393 Principem
1175 2310 1232 2376 de·

131 2409 306 2488 ulutatum,
325 2412 383 2495 qni
404 2415 438 2473 et
458 2409 501 2473 ab
519 2409 674 2472 omnibus
689 2407 753 2493 legi
772 2408 936 2487 debuerit,
959 2415 993 2474 et
1009 2431 1053 2476 ex
1068 2415 1233 2479 omnibus:

130 2511 166 2580 2.
188 2511 281 2581 Nam
294 2513 437 2599 primum
457 2513 521 2579 tibi
540 2518 646 2579 mater
661 2511 859 2595 Hispania⁸
880 2520 944 2590 est,
967 2515 1064 2580 terris
1079 2517 1235 2583 omnibus

164 2695 175 2731 ¹
193 2697 283 2749 Vereor
289 2712 319 2748 aa
324 2697 450 2763 poermtir
458 2696 529 2758 lujat
538 2695 634 2746 loetitioe
644 2710 737 2746 marum
746 2710 827 2746 rerum
834 2695 942 2759 trlrtium
949 2698 1110 2749 recordatione
1120 2700 1231 2752 mianum.

591 2840 773 2865 ΝΝΜΙΟΜ

129 2943 242 3008 clauofit
250 2941 382 2992 edd.rett.
393 2943 466 2993 mour
477 2943 510 2992 rr‘t
522 2942 584 2994 Vat.
595 2943 705 2995 Putean.
714 2952 741 2994 et
753 2945 818 2994 Ero.
829 2943 1022 2992 schuntram—5
1033 2943 1101 2993 Edd.
1113 2946 1231 3009 quadarn

131 3017 200 3059 vett.
216 3008 317 3058 aliorum
332 3009 462 3058 uulnerum,
496 3008 564 3058 Edd.
581 3017 646 3060 vett.
664 3023 713 3072 pro
727 3009 910 3073 pascuario
925 3009 980 3071 irre,
990 3011 1115 3059 exhibent
1128 3026 1231 3074 preren·

130 3076 209 3131 tiam
230 3074 307 3125 codd.
329 3074 438 3123 birineii
459 3074 557 3124 habant
577 3075 727 3136 ρενσοηὲίεσι,
745 3074 787 3123 rel
806 3080 973 3135 percuratum,
995 3079 1037 3124 vel
1058 3077 1230 3138 pomtirrrar

130 3139 204 3192 anda
215 3140 258 3188 ille
269 3138 408 3189 lectionem
424 3148 536 3188 nostram
549 3142 626 3190 eruit.
659 3139 766 3191 Modiur
780 3139 850 3202 conj.
865 3138 1038 3202 perornatam
1056 3141 1158 3191 Acidat.
1165 3157 1231 3206 pm-

93 3250 96 3255 .
129 3210 210 3255 uenter
225 3209 249 3254 rt
266 3204 389 3266 cingulos:
405 3205 464 3253 cod.
483 3201 578 3254 Sobeff.
593 3205 761 3268 perrerciosre.
794 3204 854 3254 vid.
873 3205 950 3255 Nott.
961 3206 1037 3253 Varr.
1048 3211 1233 3263 tueturoetatror

131 3269 247 3332 Gnatpb.
280 3269 333 3317 Pro
343 3270 381 3318 orl
389 3274 478 3332 optare.
489 3268 581 3319 Arnta.
593 3270 661 3333 conj.
676 3274 729 3318 voto
746 3273 884 3331 optma—6
899 3269 907 3295 ‘
921 3270 1007 3320 Nonne
1022 3271 1168 3336 armatam]
1187 3273 1231 3324 Ita

131 3350 232 3467 oan.
264 3334 342 3384 Meus
352 3333 436 3384 codex
445 3333 475 3382 rb
485 3335 509 3384 ir
520 3349 571 3384 non
583 3336 709 3398 agnoscit.
720 3340 748 3384 et
760 3333 865 3383 videtur
876 3334 1022 3398 elegantior
1034 3334 1125 3388 abasse
1135 3338 1232 3402 possa’

627 3496 735 3548 NOTAE

164 3592 351 3658 stuperatem
372 3594 456 3659 urim]
484 3595 662 3655 Valentiniani
701 3596 743 3648 cia
753 3607 781 3648 et
791 3595 874 3646 Dacia
885 3596 1018 3659 expellere
1027 3612 1092 3649 nnuc
1104 3613 1154 3649 non
1171 3614 1230 3663 por·

126 3671 415 3739 junioris,quirnortuo
427 3679 501 3737 patra
513 3673 581 3737 apud
597 3675 662 3724 Ber·
702 3683 751 3729 ret,
768 3681 915 3724 consortem
935 3672 1037 3735 imperii
1057 3673 1230 3729 Theodoriana

130 3749 280 3816 gentionem
292 3747 319 3796 in
330 3747 432 3812 Galliir,
442 3749 499 3811 ipae
509 3763 567 3798 eum
578 3749 662 3798 adbuc
702 3765 734 3799 ex
749 3750 876 3810 Hispania
887 3750 1013 3799 evocavit.

129 3825 298 3892 quadriannis
327 3832 409 3880 erret,
434 3824 531 3874 ibidem
557 3833 660 3879 eruatur
733 3824 879 3876 ‘Trlbutirr
903 3825 1110 3889 centuriatimque]
1152 3826 1230 3885 Unde

129 3911 189 3955 arat
209 3903 360 3966 imperator·
399 3900 660 3965 Vid·E1>it·Vlct⁰·
701 3905 868 3958 comitiaalia
884 3904 1041 3964 centuriata,
1054 3905 1105 3955 alia
1121 3903 1230 3970 tributa,
1288 3904 1289 3911 ’

131 3979 178 4029 tit·
537 4024 539 4030 .
700 3981 1034 4036 atiacuriotadioebanmr.

163 4064 173 4090 ¹
189 4052 310 4121 Alterius]
326 4053 457 4119 Gratiani,
469 4052 513 4118 qui
531 4067 590 4104 cum
607 4054 658 4106 Go·
732 4062 741 4095 t
758 4059 877 4121 Griselica
887 4056 981 4121 patrio]
997 4056 1086 4114 Habet
1098 4058 1137 4108 tric
1149 4060 1230 4117 totiur

130 4134 200 4195 thor,
220 4129 347 4192 Taifalor,
365 4139 444 4194 atque
462 4129 573 4181 omniurn
592 4141 661 4182 atro·
700 4135 969 4191 oratiouirrumotam.

130 4212 250 4262 obrimus
262 4206 385 4270 llunnos,
396 4214 423 4256 at
437 4206 546 4264 Alanos,
558 4208 660 4262 a'l'bra·
731 4221 744 4251 Ι
760 4213 815 4269 dt'lt
825 4216 902 4269 notar
912 4209 1047 4276 Hiapaaial
1059 4209 1231 4273 Theudoriam
