2730 4726
134 297 222 364 1306
270 351 276 360 ,
639 313 730 362 vrrs

132 459 223 544 quod
238 458 280 524 de
293 459 401 524 natali
415 464 492 523 ortu
513 456 763 540 intelligendum
777 456 885 543 liquet
904 478 949 523 ex
966 459 1096 545 Paneg.
1112 478 1181 528 vu.
1195 465 1239 532 9.·

130 561 189 626 ubi
205 571 384 646 postquam
407 567 521 624 orator
543 560 586 624 da
611 559 824 625 Constantini
843 580 908 626 avo
930 571 967 628 et
989 573 1127 648 parente
1143 569 1229 648 egis·
1263 607 1264 610 =

130 671 200 730 set:
223 683 299 729 cum
315 664 397 728 ordo
412 682 518 727 rerum
532 669 566 727 et
581 662 683 727 series
697 663 901 746 postularet,
917 671 953 730 ut
969 665 1010 730 de
1026 667 1103 751 ejus
1119 672 1228 754 patria

131 768 267 845 diceret,
282 766 337 831 ‘O
362 764 556 842 fortunata,'
578 765 701 849 iuquit,
726 769 785 831 ‘et
807 787 895 834 nunc
917 771 1072 835 omnibus
1096 769 1228 837 beatior

129 872 223 939 terris
250 871 432 947 Britannia,
457 889 535 954 quae
564 868 820 935 Constantinum
846 870 1015 937 Caesarem
1039 875 1150 958 prima
1179 878 1228 943 vi-

130 974 209 1040 disti
221 971 240 1036 !'
261 973 306 1037 Et
320 992 421 1037 mox:
445 976 455 1006 ‘
470 971 532 1036 Dii
544 971 643 1037 boni!
667 974 748 1057 quid
762 974 826 1038 hoc
839 981 905 1053 est,
921 976 1013 1059 quod
1033 996 1167 1061 semper
1181 999 1224 1044 ex

129 1078 244 1161 aliquo
267 1096 424 1160 supremo
438 1075 503 1141 fine
524 1076 639 1140 mundi
661 1097 750 1142 nova
774 1076 887 1142 Deum
908 1080 1042 1144 numina
1066 1081 1224 1147 universo

129 1181 202 1244 orbi
230 1179 374 1244 colenda
400 1178 637 1244 descenduntl
672 1180 730 1245 Sic
749 1179 939 1246 Mercurius
968 1201 990 1246 a
1018 1181 1226 1249 Nilo...sic

130 1282 233 1348 Liber
257 1282 301 1349 ab
323 1281 443 1362 Indis,’
466 1285 527 1348 ac.
571 1281 680 1366 Atqui
693 1284 736 1348 da
751 1284 928 1367 utriusque
943 1284 1011 1350 Dei
1024 1284 1131 1351 natali
1152 1294 1226 1352 ortu

129 1385 183 1450 hic
198 1385 317 1469 agitur.

181 1585 226 1652 A.
241 1585 286 1651 U.
303 1585 341 1651 C.
357 1603 495 1651 uxnrv.
519 1586 641 1654 Christi
657 1604 785 1656 ccxci.
808 1589 960 1656 Dioclet.
975 1591 1063 1673 Imp.
1081 1608 1166 1659 vrri.

271 1689 412 1755 Maxim.
429 1691 517 1776 lmp.
537 1709 604 1756 vrr.
631 1689 846 1757 Constantini
861 1693 970 1758 AEtat.
988 1709 1077 1756 xix.

170 1808 409 1876 Constantinus
425 1819 556 1897 apatre
571 1809 769 1877 Constantio
788 1811 925 1878 Caesare
948 1813 983 1876 in
998 1812 1132 1877 Gallias
1148 1833 1222 1897 pro-

128 1911 313 1992 ficiscente,
330 1914 403 1979 sive
417 1923 454 1980 ot
471 1935 543 1980 snae
558 1914 635 1980 fidei
650 1915 767 1992 obses,
788 1916 860 1980 sive
874 1921 911 1980 ut
924 1915 1009 1998 grati
1019 1902 1103 1998 ‘erga
1117 1917 1224 2001 impe·

127 2022 269 2081 ratonem
283 2017 385 2081 animi
408 2019 461 2082 sui
483 2018 617 2102 pignus,
633 2018 704 2082 siva
726 2019 765 2081 ut
781 2017 825 2085 ad
847 2017 1036 2100 imperandi
1054 2025 1163 2082 artem
1178 2019 1224 2081 in·

130 2118 332 2198 stitueretur,
358 2120 392 2184 in
409 2119 614 2185 Diocletiani
630 2119 709 2185 aula
729 2119 929 2203 relinquitur
953 2118 1179 2200 Nicomediae,
1193 2125 1227 2186 nt

129 2223 176 2286 ait
190 2222 403 2306 Praxagoras
419 2222 511 2307 apud
527 2221 697 2286 Photium.

172 2413 489 2483 A.U.C.mxr.vu.
526 2417 652 2483 Christi
669 2432 820 2481 ccxciv.
858 2414 1182 2500 Dioclet.lmp.xr.
1265 2431 1266 2434 ¹

300 2519 443 2586 Maxim.
460 2521 550 2606 Imp.
566 2536 607 2585 x.
636 2518 810 2586 Constant.
826 2519 931 2585 AEtat.
948 2535 1050 2583 xxti.

172 2636 259 2702 Cum
274 2638 516 2707 Constantinus
530 2641 640 2706 adhuc
656 2639 855 2705 adolescens
876 2637 1050 2704 Galerium
1065 2637 1224 2702 adversus

128 2738 298 2808 Sarmatas
314 2763 389 2809 cum
403 2747 553 2810 exercitu
568 2745 711 2808 missum
731 2751 865 2807 secutus
887 2748 989 2818 esset,
1013 2747 1082 2804 tam
1097 2741 1227 2804 eximia

128 2844 258 2911 virtutis
274 2867 345 2912 suae
361 2848 395 2912 in
411 2867 452 2913 eo
469 2847 558 2913 bello
579 2847 684 2912 edidit
705 2845 899 2929 specimina,
914 2851 953 2908 ut
975 2843 1133 2908 Galerius
1155 2852 1227 2909 tarn

127 2946 323 3015 inusitatam
348 2951 569 3016 adolescentis
597 2949 824 3015 tortitudinem
852 2948 989 3024 veritus,
1018 2946 1121 3011 variis
1151 2968 1226 3011 eum

128 3051 287 3133 periculis
303 3053 475 3137 objecerit,
492 3073 537 3120 ex
558 3055 681 3139 quihus
702 3058 810 3118 tamen
826 3071 926 3135 quam
941 3049 1081 3128 fortiter,
1095 3055 1165 3113 tam
1180 3050 1227 3114 ie-

84 3182 86 3186 ’
126 3152 232 3218 liciter
253 3174 329 3220 sese
352 3156 537 3239 expedivit.
583 3155 675 3221 Nam
690 3175 768 3220 oum
783 3155 904 3239 paucis
919 3153 1080 3218 militibus
1093 3153 1130 3216 in
1146 3152 1225 3217 dan·

128 3254 298 3323 sissimum
313 3259 540 3326 Sarmatarum
555 3279 677 3344 agmen
697 3259 883 3334 immissus,
898 3255 1006 3321 aciem
1028 3256 1225 3338 perrumpit,

128 3357 215 3423 alios
236 3381 297 3426 sua
320 3383 421 3429 manu
444 3364 558 3442 caedit,
575 3364 662 3429 alios
682 3362 788 3444 fugat,
803 3365 904 3444 atque
919 3358 1004 3423 adeo
1019 3376 1225 3422 cumeorum

128 3461 214 3528 doce
240 3465 399 3548 singulari
426 3469 608 3534 certamine
629 3482 840 3547 congressus,
861 3463 936 3546 ipsa
959 3460 1065 3525 victor
1093 3459 1226 3526 hostem

128 3571 247 3632 catena
261 3570 419 3650 vinctum,
435 3577 468 3636 et
484 3570 618 3655 capillis
632 3573 835 3654 pertractum
847 3565 890 3629 ad
902 3564 1030 3630 Galerii
1045 3563 1151 3646 pedes
1166 3563 1224 3627 ad·

128 3669 233 3736 ducit.
278 3672 373 3738 Idem
389 3676 510 3739 missus
525 3681 564 3738 ut
579 3670 871 3758 profundissimam
887 3666 1046 3752 paludem
1062 3665 1106 3730 ad
1130 3685 1224 3730 exer·

127 3774 215 3838 citus
230 3776 403 3842 transitum
418 3778 620 3860 exploraret,
631 3773 784 3860 periculo
796 3770 877 3836 nihil
887 3774 1087 3842 commotus,
1100 3787 1224 3851 equum

127 3876 162 3940 in
180 3878 336 3961 paludem
352 3882 430 3964 agit,
444 3900 485 3944 ac
499 3881 590 3946 viam
606 3880 672 3945 toti
684 3874 848 3942 exercitui
865 3876 1110 3958 praemonstrat.
1155 3871 1224 3934 De«

128 3998 219 4045 mum
230 3982 348 4066 jussus
371 4004 447 4048 cum
473 3984 682 4048 ferocissimo
704 3980 798 4045 leona
820 3978 854 4041 in
876 3975 1008 4039 theatro
1034 3971 1223 4055 confligere,

129 4080 221 4146 illico
235 4085 270 4148 in
286 4106 419 4151 arenam
441 4086 626 4163 descondit,
649 4090 684 4149 et
707 4084 794 4147 inter
816 4083 1044 4162 spectatorum
1070 4076 1222 4141 omniurn

130 4175 314 4268 applausus
329 4188 433 4256 seram
449 4209 550 4255 mauu
565 4184 826 4273 comprehendit.
844 4183 1040 4266 Panegmru
1052 4179 1086 4245 3.
1110 4179 1223 4246 Zona·
