2730 4726
359 295 611 351 nrocunrrnnr
637 303 685 350 nr
707 300 937 354 uaxrurnur.
1108 284 1194 350 1145

97 450 228 532 direpta
252 445 475 524 Alexandria,
495 445 688 529 eversisque
710 446 784 529 ejus
804 447 920 525 muris,
935 453 1040 512 totam
1064 447 1195 532 AEgyp·

98 558 170 615 tum
201 555 325 626 vastat,
354 548 491 613 Busirin
515 555 550 612 ct
573 548 709 632 Copton
734 550 834 614 urbes
856 550 996 633 AEgypti
1020 550 1194 634 primarias

97 652 255 717 funditus
272 651 369 729 eruit,
385 651 576 716 Saracenos
591 650 738 716 Achillei
759 652 904 735 partium
918 651 1068 718 fautores
1084 653 1195 737 puniri

91 740 208 841 jubet,
251 754 389 818 Interim
415 753 591 818 Galerium
619 740 789 819 exercitus
814 773 834 818 a
861 753 995 819 Narseo
1019 755 1197 820 Persarum

98 878 178 940 rege
201 856 351 922 intercisi
372 855 533 940 reliquias
555 855 598 920 ad
620 876 657 921 se
671 857 705 922 in
722 856 1022 939 Mesopotamiam,
1037 876 1105 940 qno
1119 859 1195 922 snb-

102 966 180 1026 acta
205 959 355 1043 AEgypto
380 956 569 1037 diverterat,
594 977 683 1041 aegre
704 958 930 1037 reducentem,
950 979 1008 1043 per
1031 980 1196 1024 summum

102 1067 308 1129 contemtum
332 1079 373 1124 ne
398 1060 538 1126 intuitus
563 1061 710 1144 quidem,
724 1060 854 1146 aliquot
869 1081 1030 1146 passuum
1050 1063 1197 1127 millibus

99 1166 193 1242 sinit,
207 1164 363 1248 quamvis
379 1171 578 1247 purpuratus
592 1164 666 1248 ipse
681 1168 782 1242 essct,
795 1175 871 1227 ante
886 1182 984 1228 suum
1000 1172 1197 1249 carpentum

98 1265 250 1352 peditem
265 1266 405 1349 gregarii
422 1255 528 1331 instar
547 1267 662 1331 militis
677 1285 816 1331 currere.
860 1263 916 1330 Ex
935 1264 1075 1352 Eutrop.
1121 1267 1198 1333 Ma·

97 1371 269 1436 ximianns
283 1389 362 1433 vero
376 1388 398 1433 a
412 1367 524 1434 Rheni
537 1369 709 1448 limitibus,
724 1387 811 1453 quos
825 1373 896 1435 toto
912 1370 1099 1437 Britannici
1114 1373 1198 1438 belli

95 1482 252 1556 tempore
271 1478 384 1538 contra
398 1471 551 1537 Francos
571 1479 606 1537 et
623 1471 810 1539 Alamanos
835 1482 967 1540 strenue
986 1474 1193 1554 defenderat,

100 1578 137 1641 in
148 1575 302 1641 Africam
315 1575 461 1640 transire
477 1577 614 1660 cogitat,
623 1575 820 1642 Africanum
835 1578 959 1643 bellum
975 1598 1043 1642 non
1058 1579 1199 1662 amplius

100 1677 283 1763 perduces
298 1696 391 1756 suoS,
416 1678 479 1743 sed
504 1698 565 1761 per
588 1699 625 1744 se
648 1680 724 1763 ipse
744 1687 911 1764 gesturus.
956 1680 1063 1763 Igitur
1077 1682 1198 1765 paucis

100 1788 181 1868 post
199 1781 373 1848 mensibus
397 1779 722 1864 Quinquegentanas
742 1784 896 1848 nationes
917 1785 950 1848 in
969 1776 1198 1867 Africa'gras·

101 1892 215 1951 santes
237 1883 404 1969 profligat,
419 1890 455 1949 et
472 1884 653 1950 seditionis
667 1884 884 1952 architectum
901 1886 924 1951 J
927 1886 1077 1950 uliannm
1099 1887 1200 1953 inter·

101 1989 186 2054 ficit.
232 1989 372 2053 Mauros
394 1988 512 2061 vincit,
541 2009 644 2073 qnare
667 1991 717 2055 sic
737 1989 833 2054 illum
856 1988 1038 2073 compellat
1052 1989 1199 2055 Mamer-

101 2093 211 2157 tinus:
245 2089 323 2156 ‘Tu
351 2090 579 2156 ferocissimos
602 2091 818 2157 Mauritaniae
844 2092 991 2176 populos
1014 2093 1198 2158 inaccessis

101 2192 266 2258 montium
283 2192 375 2277 jugis
395 2199 429 2258 et
445 2194 589 2259 naturali
610 2195 797 2260 munitione
822 2194 963 2260 fidentes
983 2194 1198 2278 expugnasti,

103 2296 239 2380 cepisti,
262 2295 483 2375 transtulisti,’
497 2317 618 2382 nempe
636 2299 671 2363 in
692 2297 867 2363 Romanas
889 2298 1090 2382 provincias,
1113 2317 1201 2381 quas

102 2398 307 2464 excolerent.
352 2398 481 2483 Paneg.
498 2417 549 2464 vl.
563 2400 595 2466 8.
640 2401 775 2489 Interea
801 2421 876 2466 cum
903 2398 1062 2485 Alamani
1087 2400 1201 2469 Maxi·

101 2500 249 2565 mianum
263 2500 381 2584 procul
396 2520 416 2566 a
431 2502 503 2567 suis
517 2501 641 2568 finibus
657 2503 805 2568 viderent
816 2502 979 2569 AfrIcano
993 2503 1082 2569 bello
1097 2503 1201 2570 inteu-

102 2609 186 2681 tnm,
202 2602 356 2669 Rhenum
371 2605 478 2688 glacie
501 2598 695 2673 concretum
716 2606 910 2690 transgressi
927 2606 963 2669 in
978 2606 1110 2671 Gallias
1123 2607 1200 2671 hos·

103 2705 209 2769 tiliter
221 2705 357 2772 irruunt.
396 2705 474 2786 Quo
488 2710 605 2775 nuntio
620 2719 812 2776 commotus
828 2711 1047 2777 Constantius
1062 2711 1200 2777 obviam

103 2811 147 2875 iis
162 2810 312 2894 procedit
335 2831 411 2876 cnm
427 2815 644 2892 exercitans
661 2814 803 2899 primum
818 2814 946 2878 infelici
963 2814 1057 2877 exitu
1073 2820 1201 2896 pugnat

103 2912 371 2998 vnlneratnrque,
397 2935 480 2980 mox
503 2918 724 3000 redintegrata
748 2937 860 3001 pugna
883 2916 926 2980 ad
948 2915 1118 2998 Lingonas
1135 2931 1200 2980 nx.

105 3015 349 3097 Alamanornm
382 3018 487 3092 millia
514 3020 625 3098 caedit,
648 3019 891 3085 Vindonissam
916 3006 1062 3090 hostium
1091 3024 1200 3102 strage

106 3119 267 3202 complet,
280 3120 429 3204 reliquos
443 3123 479 3186 iu
494 3122 641 3188 Batavia
654 3141 723 3206 quo
738 3122 901 3205 fugerant,
914 3126 1033 3206 captos
1049 3122 1093 3188 ad
1108 3122 1201 3188 dedi·

105 3222 232 3288 tionem
246 3223 431 3306 compellit.

149 3465 193 3526 A.
206 3461 252 3526 U.
265 3460 303 3527 G.
320 3453 396 3525 'nn
452 3458 530 3525 Chr.
558 3476 728 3527 ccxcvrr.
782 3460 931 3525 Dioclet.
957 3456 1046 3541 Imp.
1076 3470 1158 3519 xiv,

193 3564 299 3629 AEtat.
314 3579 423 3628 xnrx.
468 3562 613 3628 Maxim.
628 3562 718 3648 Imp.
732 3578 820 3626 xrrr.
869 3562 977 3627 AEtat.
994 3574 1116 3623 xuvrr.

151 3731 363 3797 Maximiano
380 3747 416 3795 ν.
438 3729 589 3802 consule,
610 3729 846 3796 Diocletianus
869 3726 1041 3794 Galerium
1058 3741 1099 3788 11.
1122 3740 1203 3787 con·
1271 3802 1274 3809 y

106 3836 227 3911 sulem,
240 3855 260 3899 e
275 3832 427 3910 Perside,
442 3831 499 3896 nbi
515 3833 691 3916 profligato
709 3833 841 3898 Narseo
862 3831 981 3897 amissi
1003 3846 1090 3893 anno
1105 3843 1203 3906 supe-

107 3942 196 4004 riore
216 3937 385 4003 exercitus
399 3937 556 4019 probrum
574 3936 713 4015 elnerat,
726 3942 959 4012 revertentem,
972 3927 1154 3995 honorifice
1168 3927 1204 3991 in

109 4041 364 4125 Mesopotamia
386 4038 526 4121 excipit.
571 4038 650 4104 Hac
667 4047 779 4104 antem
794 4037 923 4104 Galerii
946 4030 1089 4099 victoria
1108 4030 1204 4113 quin-¹

107 4168 172 4233 que
188 4143 371 4232 provinciae
394 4145 605 4224 recuperatae
626 4147 713 4222 suut,
732 4141 931 4225 imperiique
948 4133 1073 4202 limites
1088 4132 1131 4198 ad
1144 4131 1204 4196 Ti-
