2730 4726
402 338 672 390 eouerenrruo
697 337 784 386 aue.
821 321 957 386 vn.11.
1139 322 1225 389 1359

132 491 288 573 penetret
315 484 470 562 audacia,
500 486 556 549 oui
584 484 702 567 ulique
727 482 872 547 conandi
899 501 987 565 spes⁵
1009 483 1225 567 relinquatur.

131 591 192 667 llle
207 595 262 654 eet
275 587 543 672 inexpugnabilis
558 605 680 661 murus,
693 605 792 668 quern
808 585 952 649 exstruit
965 583 1055 650 fama
1068 587 1227 657 virtutis.·

130 693 160 758 R
184 684 308 758 Sciunt
322 689 445 774 posse*
468 688 591 755 Franci
613 689 752 752 transire
768 685 934 785 Rhenum,
949 707 1035 771 quos
1051 689 1094 752 ud
1108 709 1226 758 necem

130 813 227 860 unam
241 793 384 857 libenter
397 792 575 872 admittes3
598 790 657 855 sed
674 810 737 854 uec
754 789 926 854 victoriam
948 797 1092 874 possunt
1110 811 1225 876 spere·

129 917 172 975 re,
197 916 263 963 neu
287 895 434 961 veniam.
478 893 570 974 Quid
593 895 687 976 ipsos
712 900 859 970 moneat,
885 913 928 958 ex
954 913 1067 978 regum
1091 914 1226 961 suorum

130 999 338 1066 eruciatibus
357 995 554 1071 metiuntur,
583 996 729 1079 ideoque
759 1001 886 1060 tantum
915 998 1023 1076 abest,
1051 1003 1090 1062 ut
1118 1001 1226 1064 amnis

129 1103 223 1168 illius
247 1101 420 1165 transitum
443 1099 628 1176 moliuntur,
644 1099 750 1180 magis
771 1107 810 1163 ut
833 1105 948 1182 coepto
963 1105 1086 1183 ponte*
1109 1101 1227 1185 despe-

130 1209 215 1269 rent.
259 1204 293 1266 l.
317 1202 386 1268 Ubi
413 1222 497 1266 nuno
525 1207 578 1266 est
606 1201 666 1266 illu
692 1201 849 1266 ferocia?
883 1202 939 1267 ubi
965 1222 1099 1286 semper
1124 1203 1227 1267 infide

130 1305 330 1373 mobilitas?
374 1305 454 1370 Jum
482 1325 525 1369 ue
554 1304 671 1388 procul
700 1304 834 1388 quidem
865 1304 898 1369 in
928 1304 1080 1370 Rhenum
1108 1306 1226 1371 oculos

131 1409 267 1475 audetis
289 1409 451 1485 attollere,
474 1415 510 1472 et
533 1409 591 1472 vix
617 1408 728 1470 securi
752 1407 888 1471 flumina
909 1406 1064 1471 interiora
1086 1409 1227 1492 potatio.

130 1513 160 1577 5.
185 1511 315 1577 Contra
335 1511 411 1576 hino
433 1531 493 1594 per
511 1510 683 1575 intervalla
697 1510 864 1594 dispositu
884 1512 991 1593 magis
1012 1518 1128 1577 ornant
1142 1513 1228 1577 limi-

131 1620 197 1680 tem
214 1610 384 1693 castelud
406 1634 506 1698 quum
522 1620 709 1697 protegunt.
753 1613 837 1678 Aret
859 1614 952 1678 illam
972 1614 1146 1678 terribilem
1166 1617 1226 1681 ali-

131 1716 267 1802 quando
279 1717 387 1801 ripum
402 1717 537 1780 inermis
551 1716 712 1800 agricole,
721 1723 755 1781 et
766 1723 836 1782 loto
848 1719 954 1782 nostri
967 1736 1082 1800 greges
1093 1719 1227 1784 flumine
1282 1703 1286 1710 ’

592 1899 774 1921 ”tumme

131 2025 223 2088 reliquo
234 2024 302 2088 conj.
313 2024 392 2075 Grut.
418 2025 489 2084 suna
499 2025 586 2075 uirtuti
598 2025 693 2075 Cellar.
704 2025 821 2075 Paterol.
831 2031 860 2074 et
871 2023 947 2074 codd.
959 2032 988 2076 et
998 2024 1058 2076 edd.
1069 2033 1129 2076 ente
1143 2027 1227 2076 Bana.

125 2091 194 2150 sumu
204 2090 304 2139 oirtatu
315 2091 385 2153 conj.
397 2090 481 2139 Lirin.
492 2099 520 2139 et
529 2090 640 2140 ‘Acidah
655 2099 810 2154 receperunt
826 2091 910 2141 Beun.
928 2098 957 2141 et
977 2091 1125 2154 legen—3
1138 2091 1226 2141 Sciunt

128 2169 195 2220 poree
210 2169 236 2204 re
248 2155 316 2219 conj.
333 2156 418 2204 Lirin.
434 2156 536 2219 recepit
553 2156 637 2206 Banu.
666 2157 939 2219 &inreprehensus
954 2156 1099 2206 Sehonhov.
1125 2159 1228 2206 traurr'et

131 2221 172 2273 nd.
185 2220 304 2270 Rhenan.
328 2223 433 2271 traurr're
443 2223 502 2271 Vet.
515 2221 625 2271 Putean-
636 2229 664 2271 et
676 2223 782 2284 reliquae
794 2222 853 2271 edd.
887 2222 1036 2272 ‘Acidaliae
1049 2238 1096 2285 pro
1106 2224 1228 2285 desperent

130 2287 197 2350 legit
208 2287 327 2345 deterant,
336 2285 415 2350 idque
428 2296 517 2350 petere
535 2285 646 2336 affirmet
658 2302 690 2336 ex
702 2287 878 2351 sequentibus.
911 2288 961 2337 Sed
973 2288 1021 2338 hoc
1032 2288 1104 2337 nihili
1115 2295 1165 2343 est,
1177 2302 1227 2337 nee

131 2351 201 2401 tollit
219 2349 408 2402 difficultatem.
449 2352 564 2412 Buaniur
584 2354 639 2402 haee
658 2352 748 2413 verbe,
764 2359 883 2415 compertu
902 2358 1024 2416 potetate,
1040 2355 1076 2403 ite
1095 2354 1227 2417 explieat:

131 2419 242 2480 Exque
265 2418 457 2474 intellexerunt,
479 2417 540 2482 qnid
561 2419 653 2479 poesia.
695 2417 745 2467 Sed
764 2421 843 2468 multo
863 2418 954 2468 melior
974 2419 1077 2469 videtur
1098 2420 1227 2482 expositio

130 2482 252 2532 Livineii.
285 2481 317 2530 lu
336 2483 387 2532 Me.
404 2483 490 2531 Moerl.
510 2484 612 2544 legitur,
629 2488 746 2544 retempto
762 2491 824 2546 pote,
844 2484 912 2532 uude
933 2499 983 2534 non
998 2483 1076 2535 facile
1094 2488 1148 2534 sani
1165 2484 1227 2548 quid

130 2554 219 2612 potest
230 2547 361 2596 extricari.
390 2548 559 2598 Gud.caiimtu
568 2554 632 2608 pote.
648 2549 791 2599 Schonhov.
804 2555 886 2604 notet,
902 2556 975 2612 eoepto
991 2556 1061 2611 ponte
1069 2567 1080 2608 ,·
1097 2551 1134 2599 uti
1147 2549 1227 2598 Pute-

129 2612 1081 2743 :lllelltitiltre‘.{attentethhrtttttl.
1095 2615 1227 2742 hill?

130 2758 208 2809 quem
226 2743 339 2809 sequor?
354 2744 448 2806 Jager.
471 2744 538 2793 Vide
557 2745 632 2794 Nott.
649 2745 776 2794 Vera-4
794 2745 908 2794 Rhenum.
929 2746 965 2794 ll.
984 2745 1075 2809 Steph.
1095 2754 1123 2794 et
1141 2745 1230 2796 Rivin.

128 2808 257 2866 nouum
282 2807 398 2871 Gnelplr.
410 2809 474 2857 Eur.
490 2809 634 2859 Sehouhov.
646 2818 674 2859 et
691 2809 752 2859 edd.
764 2818 873 2859 reeentt.
890 2810 1002 2858 nobiliter
1009 2826 1020 2868 ,·
1036 2809 1111 2860 etsie
1124 2809 1228 2859 Acidal-

128 2875 154 2924 ἐκ
163 2874 276 2924 Rhenum
287 2875 380 2923 audetis
389 2875 498 2924 attollere
508 2874 568 2922 edd.
580 2883 639 2924 aute
649 2874 727 2925 Grut.
743 2878 845 2924 accolere
851 2876 916 2938 conj.
929 2876 1074 2924 Schonhov.
1087 2882 1113 2923 et
1125 2875 1227 2925 Acidal.

129 2948 156 2989 et
168 2939 208 2988 rie
220 2939 315 3002 legitur
325 2941 350 2987 in
362 2939 599 3000 praenupserunt.
611 2948 638 2989 et
649 2947 760 2990 reeentt.
777 2942 843 2990 Vide
855 2941 1012 2990 Non-Varr.
1027 2948 1054 2989 at
1066 2939 1108 2988 ria
1116 2940 1229 3004 Gnelph.

127 3005 246 3053 interiora
257 3004 341 3066 petitia
356 3005 473 3054 erenen.
486 3005 572 3054 Ririn.
588 3005 679 3067 Steph.
695 3015 723 3056 et
742 3005 802 3054 edd.
820 3014 886 3055 vett.
908 3006 926 3055 t.
944 3007 1105 3068 paratuum.
1117 3007 1229 3056 Putean.

128 3070 193 3120 Ver.
205 3070 288 3118 Lirin.
299 3070 401 3119 Berlin.
412 3072 476 3119 Ere·
484 3071 565 3132 Lang.
575 3070 685 3134 (luolph.
697 3073 763 3122 Ero.
774 3071 917 3121 Scuonnov.
929 3071 1016 3121 Moeri.
1028 3072 1134 3135 cuspin.
1150 3072 1229 3128 Grut.

128 3143 156 3184 et
168 3134 231 3184 edd.
243 3141 403 3185 recente-5
416 3134 483 3184 Edu.
494 3144 564 3194 ‚vett
575 3144 602 3184 et
622 3136 708 3186 Ririn.
722 3142 772 3187 tato
783 3138 868 3193 neutri,
883 3137 977 3186 omitte
993 3137 1176 3200 conjunctione
1187 3144 1228 3197 et;

128 3201 269 3250 Rhenanus
287 3201 360 3248 malit
371 3205 406 3249 tot
412 3215 422 3258 ,¹
439 3201 505 3249 Exc.
517 3202 596 3264 Leng.
606 3207 675 3259 tuto,·
692 3203 805 3264 Guelph.
817 3203 880 3251 Ver.
899 3202 1009 3251 Puteen·
1028 3213 1055 3252 et
1067 3203 1128 3252 Vet.
1141 3204 1226 3254 Lirin.

126 3272 153 3316 et
164 3269 233 3322 tator
252 3272 279 3315 et
290 3267 327 3316 uie
338 3265 417 3315 Grut.
425 3272 452 3316 et
464 3274 576 3317 reeentt.
586 3265 689 3331 flumine
697 3268 720 3318 t.
731 3272 855 3317 onrautur
867 3268 951 3316 Lirin.
962 3276 990 3318 et
999 3268 1031 3317 P·
1041 3269 1131 3333 steph.
1141 3283 1228 3332 greges

615 3422 727 3474 NOTAE

159 3545 173 3572 ⁸
190 3535 267 3586 Fama
287 3535 398 3600 virtatir]
416 3536 459 3586 lta
477 3535 580 3586 restitui
600 3543 659 3600 port
700 3536 791 3588 breriir
813 3552 861 3600 pro
877 3542 1003 3601 potestate.
1036 3537 1091 3588 Pro
1105 3554 1155 3603 qua
1167 3554 1227 3589 con·

129 3611 276 3664 Aridelinnr
289 3613 409 3676 prosama
420 3613 515 3664 virtuti.
695 3610 894 3678 jectnrel'eeere
908 3615 1010 3662 videtur
1021 3614 1083 3663 illud
1095 3630 1153 3678 cap.
1162 3628 1228 3664 xur.

160 3687 658 3755 ¹·Scianepaae]Addidiuexruspi·
699 3690 919 3755 ‘Insuperetiarn
937 3691 1124 3752 Agrippinensi
1145 3702 1226 3754 poure
1310 3682 1317 3697 ⁹

128 3767 205 3818 tione
218 3764 336 3815 Lirineii.
352 3764 394 3814 ltu
406 3768 473 3816 enim
486 3766 589 3817 videtur
600 3783 659 3817 reu·
699 3767 822 3817 sueinotto
841 3767 950 3832 reliquiis
967 3765 1070 3816 affiictae
1087 3769 1171 3828 geutir
1189 3769 1226 3816 in·

128 3859 170 3895 rur
181 3843 326 3907 requirere.
700 3842 797 3894 uultur.
806 3879 813 3893 .
823 3878 830 3893 .
842 3860 875 3894 ex
886 3860 937 3910 quo
952 3858 1027 3893 uerno
1039 3843 1151 3900 dubitet,
1164 3845 1225 3907 quid

160 3930 171 3956 ⁶
189 3922 272 3986 Capto
291 3926 363 3984 ponte
384 3922 513 3986 [compertu
530 3922 658 3987 potestate]
700 3921 819 3986 perfecto
837 3932 918 3988 ponte
935 3921 1027 3971 surturi
1041 3921 1101 3982 einr,
1113 3921 1157 3985 qui
1169 3922 1226 3984 janu

130 3998 161 4047 ld
171 4005 224 4055 eet.
233 4012 265 4046 ex
276 4012 327 4062 qao
339 3998 522 4046 intellexerunt
531 3997 591 4062 qnid
601 4013 657 4060 por·
698 4000 814 4048 serviunt
826 3997 962 4048 inchoato.’

130 4076 173 4127 tir.
197 4074 326 4125 ennena
336 4076 436 4124 mavult
447 4074 507 4138 legi,
518 4080 589 4136 cepto
599 4091 658 4139 pan·
731 4075 879 4140 dcautella]
905 4074 984 4123 Varie
1006 4081 1080 4122 erunt
1101 4073 1228 4137 disposita

130 4158 171 4221 te,-
187 4153 251 4217 quie
268 4150 336 4200 enim
354 4150 380 4200 in
397 4151 450 4200 Me.
467 4159 524 4200 eret
538 4156 593 4215 pote
610 4167 659 4215 pro
700 4151 732 4202 ari
744 4152 826 4200 Rheni
840 4152 922 4214 ripum
933 4149 1225 4212 cartellu,quiburGer·

129 4235 208 4294 ponte,
219 4233 357 4294 receptum
368 4228 431 4279 illud
448 4226 481 4278 eb
492 4228 619 4294 imperitia
631 4229 658 4279 li·
699 4245 832 4282 manorum
842 4227 1000 4280 incursiones
1007 4227 1216 4291 prohiberentur.
