2730 4726
408 285 672 346 consulumue
697 294 786 344 nuo.
825 277 948 346 rx.l9.
1135 280 1222 346 1427

128 444 232 510 misit
276 444 324 510 At
345 463 432 509 nune
458 442 627 509 violentus
651 448 685 507 et
707 441 859 506 turbidus
878 441 1009 506 hostem
1029 441 1223 527 reipublicae

128 548 304 625 sorbuisti,
327 553 373 625 et,
394 566 435 610 ne
457 554 550 611 tuum
573 546 694 611 lateret
716 545 925 627 obsequium,
949 552 1099 610 eructato
1123 546 1224 610 cada·

128 671 207 718 vere
229 650 417 734 prodidisti.
460 650 493 714 3.
518 648 668 732 Reperio
694 647 804 731 igitur,
826 656 862 711 et
883 648 1052 713 trucidato
1073 667 1224 732 corpore,

128 754 305 818 universus
323 753 358 818 in
378 753 500 837 gaudie
520 758 555 816 et
575 749 754 816 vindictam
774 751 923 835 popolus
937 749 1112 815 Romanus
1128 768 1225 815 exar-

130 858 196 922 sit:
218 875 279 920 nec
293 855 395 921 desiit
408 861 482 921 tote
499 855 592 933 urbe,
607 873 676 938 que
691 851 848 918 suffixum
863 852 962 917 hasta
976 852 1154 932 ferebatur,
1170 873 1227 918 ca·

129 967 193 1045 put
212 959 296 1024 illud
316 959 488 1043 piaculare
506 956 646 1022 foederi:
669 976 744 1020 cum
766 956 909 1047 interim,
929 964 966 1020 ut
985 963 1063 1021 sunt
1077 955 1149 1041 joci
1170 957 1228 1021 tri-

130 1062 333 1145 umphales,r
357 1061 516 1126 rideretur
540 1059 700 1144 gestantis
723 1057 858 1143 injuria,
878 1078 954 1122 cum
978 1059 1079 1123 alieni
1102 1059 1228 1142 capitis

130 1166 251 1230 merita
267 1171 464 1248 peremtum
917 1214 918 1218 ,

124 1251 128 1256 Δ
177 1266 268 1332 Gru.
294 1282 381 1332 x1x.
409 1266 441 1330 1.
464 1265 532 1330 Sed
544 1264 627 1349 quid
642 1284 703 1348 ego
714 1264 888 1349 hucusque
900 1259 1087 1348 joculario?
1119 1264 1230 1330 Tecta

132 1370 239 1455 ipsa:
256 1376 296 1436 ut
314 1369 429 1449 audio,
444 1369 659 1447 commoveri,
676 1373 711 1432 et
730 1368 874 1432 altitudo
896 1366 1076 1431 culminum
1094 1366 1230 1431 videbu-

132 1480 188 1538 tur
207 1474 328 1552 attolli,
343 1492 556 1557 quacumque
574 1491 692 1536 numen
711 1476 803 1536 tuum
820 1471 917 1536 tardo
931 1470 1101 1534 molimine
1115 1490 1230 1535 currus

133 1576 360 1642 inveheretur:
382 1570 475 1641 terito
487 1585 520 1640 te
531 1574 647 1661 populi
659 1573 818 1651 densitas,
829 1582 925 1640 tanta
941 1581 1079 1639 senatus
1092 1575 1231 1658 stipatio

134 1679 347 1764 provehebat
365 1679 466 1744 simul
486 1683 520 1742 et
542 1678 718 1743 attinebat.
761 1678 793 1742 2.
810 1677 944 1742 Felices
964 1679 1074 1762 quite
1092 1679 1232 1761 propius

167 1905 182 1940 ¹
198 1898 234 1946 Et
246 1897 337 1946 intereo
353 1896 504 1953 illudebatur,
515 1902 543 1946 ut
553 1901 591 1946 ert
607 1895 763 1954 morimundi
773 1895 800 1943 ie
810 1894 946 1958 retempto,
957 1910 1009 1946 enm
1018 1896 1159 1946 contumelio
1168 1896 1234 1946 illiue

135 1979 152 2013 e
161 1977 208 2028 que
217 1961 351 2022 serebatur,
362 1962 403 2025 qm
412 1961 549 2025 patiebatur
559 1961 661 2021 inimice
671 1960 763 2010 debitor
772 1960 847 2010 aliem
858 1962 941 2024 capiti.

593 2121 777 2143 ”menone

139 2239 187 2290 rol.
198 2247 226 2290 et
238 2243 350 2288 recentt.
365 2237 476 2304 princepe
484 2253 532 2289 erre
539 2240 602 2290 Vct.
612 2242 723 2291 Pntenn.
750 2240 867 2305 particeps
876 2256 926 2291 erre
937 2240 1106 2290 vatican-t
1116 2240 1234 2289 Rhenrn.

135 2306 229 2370 steph.
240 2305 273 2354 P.
284 2303 377 2366 steph.
389 2319 432 2353 nee
446 2307 622 2365 derireutotnr
651 2307 718 2357 Ere.
736 2306 881 2357 Schonhov.
901 2307 1005 2356 Puteol.
1023 2305 1130 2368 Cuspio.
1152 2307 1235 2354 Lirin.

136 2386 181 2422 ner
190 2373 220 2420 de
229 2370 279 2420 eico
290 2375 358 2427 tote,·
375 2369 462 2422 Moerl.
473 2371 560 2420 Vntic.
571 2371 703 2420 Pithoean.
719 2386 762 2422 ner
771 2372 843 2421 desiit
854 2387 869 2420 n
880 2376 949 2430 lotor
966 2379 993 2420 et
1008 2372 1045 2421 eie
1056 2371 1157 2420 emend.
1165 2372 1236 2434 Lipe.

137 2437 224 2500 Epist.
241 2437 343 2488 Qnaeu.
362 2447 381 2483 r.
403 2439 444 2485 22.
464 2450 507 2485 ner
524 2436 598 2485 desiit
619 2443 669 2487 toto
692 2436 812 2487 Frrncof.
830 2437 913 2485 Puris.
935 2437 1031 2486 cellar.
1049 2437 1128 2487 Grut.
1150 2436 1235 2486 Brun.

136 2501 255 2551 Prterol.
266 2506 294 2552 et
304 2505 416 2550 reeentt.
437 2514 479 2551 iter
494 2501 556 2550 derit
567 2507 618 2551 tote
635 2502 721 2551 Riviu.
733 2508 757 2552 l.
779 2507 850 2564 enput
868 2503 895 2550 id
906 2500 1139 2562 Cuspin.Rl1enen.
1151 2502 1236 2552 Lirin.

137 2575 166 2618 et
178 2565 265 2617 Rivin.
277 2568 300 2615 1.
320 2569 391 2628 ceput
401 2564 461 2614 illud
471 2566 532 2614 Ver.
545 2565 656 2614 Puteun.
666 2567 727 2616 Vet.
740 2567 824 2616 Livio.
834 2566 935 2615 Bertin.
946 2567 1023 2616 Grnt.
1036 2575 1062 2616 et
1075 2575 1186 2616 recenti.

170 2632 238 2682 Cn.
250 2643 312 2680 xix.
341 2636 354 2680 l
366 2630 450 2679 Brun.
461 2631 595 2693 etraeger.
610 2632 759 2696 commoneri,
773 2632 885 2692 nltitmo,
896 2634 990 2681 omitte
1000 2633 1184 2698 conjunctione
1203 2636 1235 2680 et.

137 2697 213 2758 Mox,
223 2697 284 2747 Vct.
295 2696 487 2746 Puteanturdo
503 2697 636 2756 coluntur,⁸
664 2698 869 2749 Vaticanturdo
884 2697 1011 2748 molimine.
1044 2696 1235 2751 Proottinelmt,

636 2844 745 2896 Nom

139 2958 198 3012 lie.
208 2955 254 3008 lib.
265 2970 298 3008 ιι.
314 2957 406 3008 Florus
419 2957 464 3009 lib.
477 2971 496 3008 ι.
508 2956 599 3008 Aurei.
608 2960 670 3010 Vic·
705 2961 745 3010 nir
754 2961 857 3011 nolebant
869 2975 975 3024 pompam
986 2960 1013 3008 in
1029 2958 1141 3024 plemtrir
1152 2960 1236 3008 ducen-

141 3047 192 3086 tor·
362 3025 365 3034 ¹
706 3040 883 3086 terrrommntir
893 3036 971 3086 obvios
980 3037 1100 3100 impetere.
1135 3035 1238 3085 EtLiv.

171 3120 184 3156 r
203 3110 298 3174 Glnlio]
315 3110 383 3160 Hoec
404 3110 430 3159 in
452 3110 595 3160 Porsennae
615 3127 669 3162 cer·
704 3114 749 3165 lib.
761 3129 787 3164 v.
806 3115 839 3162 de
855 3114 979 3164 Camillo:
999 3114 1146 3177 ‘Dictorum
1163 3128 1237 3163 recu·

140 3188 189 3240 trin
201 3189 307 3251 captive
317 3201 374 3236 cum
387 3196 467 3247 esset,
478 3187 597 3251 deceptis
614 3203 670 3238 eus·
705 3199 797 3254 pereto
806 3206 839 3240 ex
848 3190 965 3240 hostibus
974 3191 1068 3254 pratris,
1077 3190 1237 3254 triumphent

138 3263 255 3327 rudibus,
266 3270 294 3313 et
305 3277 467 3327 utrumquem
479 3261 533 3312 forr
551 3264 671 3320 dederet,
705 3267 733 3316 iu
745 3266 834 3316 urbem
846 3265 923 3328 redit,
934 3266 1051 3331 interque
1059 3266 1135 3330 jocor
1146 3267 1239 3317 milito·

140 3349 256 3405 arrepto.
267 3339 382 3390 Tiberim
395 3348 473 3390 noetn
485 3340 598 3403 trajecit.
622 3342 671 3391 Ce·
707 3356 757 3401 ree,
769 3357 832 3408 quor
849 3342 997 3392 inconditos
1013 3343 1125 3405 jaciunt,
1144 3343 1240 3393 Romu·

140 3429 200 3472 tere
222 3432 280 3481 que
302 3416 335 3467 de
356 3416 401 3467 ille
428 3415 589 3474 referuntur,
611 3418 671 3467 ride
706 3418 745 3467 lue
767 3432 797 3468 nc
820 3433 913 3481 parens
935 3418 1037 3483 petriae,
1066 3419 1239 3482 conditorque

141 3495 212 3561 apud
223 3494 330 3559 Dionys.
348 3493 436 3544 Helie.
448 3495 672 3557 Livium,Plnrer·
707 3496 774 3545 ulter
791 3494 863 3544 urbis
880 3494 948 3544 hand
969 3495 1040 3544 venis
1056 3494 1175 3545 leudibus
1194 3510 1239 3558 rp-

140 3573 227 3622 chum·
465 3608 468 3615 .
709 3571 841 3637 pelletur!
873 3572 1240 3623 ErMnrtiel.r·t.‘Contne·

174 3655 185 3682 ²
204 3648 239 3696 Ut
259 3650 315 3696 ruet
331 3645 569 3712 jociirlumpioler]
595 3647 674 3699 Hune
708 3666 770 3702 vere
784 3651 862 3714 jocos
885 3652 965 3701 vestri
983 3665 1085 3716 quoque
1105 3649 1174 3699 ferre
1192 3650 1240 3698 tri·

141 3724 254 3789 militnm
271 3723 446 3773 Romanorum
464 3738 571 3781 morem,
590 3725 674 3773 accle-
710 3728 808 3793 umplri,
825 3728 963 3778 Materiam
984 3727 1069 3789 dictis,
1088 3740 1137 3776 nee
1158 3725 1240 3790 pudet
1335 3741 1341 3755 ·

141 3800 242 3864 maedi,
261 3799 378 3864 jocundi,
401 3800 511 3851 dicteria
533 3802 559 3850 iu
585 3800 675 3850 trium·
711 3817 768 3853 esne
781 3801 951 3865 dueem,'&e.

141 3879 268 3944 pluentem
274 3876 402 3940 jaciendi,
410 3883 501 3928 notant
512 3878 619 3941 Dionys.
630 3876 675 3926 lib.
743 3878 844 3929 trecea
862 3879 926 3944 ipro]
955 3876 1067 3926 Mirifice
1095 3874 1240 3927 inormem

143 3969 198 4006 vn.
213 3952 383 4017 Ἐφεῖταιγὰρ,
395 3970 418 4003 κ.
429 3972 454 4002 r.
465 3962 491 4002 λ.
521 3952 677 4003 Permittitur
713 3957 877 4006 &notamini
903 3965 961 4020 post
989 3954 1117 4004 Maxentii
1140 3955 1240 4004 cladem

143 4034 208 4085 enm
227 4031 330 4081 σέσωκε
351 4030 520 4082 deducentium
544 4031 635 4081 iambos
653 4036 677 4080 et
713 4032 821 4082 Romam
839 4031 1017 4095 ingredientis.
1050 4030 1140 4080 videri
1154 4037 1241 4093 potest

143 4110 246 4161 dictmio
257 4109 338 4170 iecere
353 4109 381 4158 in
398 4111 540 4160 elurirrimor
559 4111 634 4173 viror,
653 4116 677 4160 et
713 4107 810 4159 Eumb.
829 4108 898 4159 Hirt-
916 4120 957 4158 tx.
974 4111 997 4155 8.
1017 4113 1045 4156 et
1064 4106 1089 4155 in
1101 4106 1241 4158 VitaCon-

143 4187 208 4250 iprae
220 4186 583 4251 mperamee,qu‹mmmmm
601 4186 676 4239 Atte-
712 4184 828 4238 rrenrini.
