2730 4726
370 307 619 358 nroounrrrrrr
646 306 692 354 ar
716 305 948 356 rruxruranr.
1114 290 1201 357 114³

102 458 212 536 niunt,
226 455 282 521 hic
296 454 431 542 quidem
447 474 466 519 a
481 451 675 531 Germania,
690 452 746 517 ille
760 471 840 517 vero
855 471 874 516 e
890 451 1042 517 Perside.
1072 452 1198 538 Paneg.

20 621 22 624 .
100 579 148 631 rr.
163 561 197 626 9.

146 747 191 815 A.
203 745 250 814 U.
264 744 304 812 C.
320 761 459 812 nxnrv.
505 742 584 810 Chr.
607 756 733 808 coxor.
784 740 933 808 Dioclet.
955 743 1043 828 Imp.
1073 759 1154 811 vur.

234 850 474 916 AEtat.xn1n.
507 847 650 914 Maxim.
666 847 754 932 Imp.
766 862 834 912 vrr.
867 847 1068 912 AEtet.xr.r.

150 1002 229 1071 Hoc
244 1003 341 1086 igitur
355 1023 440 1069 anno
455 1001 630 1087 adoptant,
646 1007 683 1067 et
703 999 856 1068 Caesares
869 1000 1000 1067 faciunt
1016 1002 1198 1072 Diocletia-

102 1126 167 1172 nus
190 1106 326 1192 qnidem
350 1104 528 1172 Galerium
551 1103 811 1183 Maximianum,
829 1102 997 1168 homiuem
1025 1106 1059 1169 iu
1086 1106 1199 1175 Dacia

99 1209 193 1276 haud
208 1210 305 1292 longe
320 1229 341 1274 a
354 1208 497 1275 Serdica
511 1214 637 1285 natum,
652 1208 707 1274 cui
721 1205 897 1274 Valeriam
913 1208 1016 1272 filiam
1031 1209 1198 1294 collocat;

100 1312 333 1379 Maximianus
345 1333 424 1379 vero
440 1313 597 1379 Flavium
609 1310 853 1388 Constantium,
866 1307 1074 1376 Constantini
1089 1315 1199 1397 magni

99 1420 243 1498 patrem,
265 1415 396 1481 Claudii
416 1415 504 1500 Aug.
527 1435 571 1480 ex
595 1413 739 1480 Claudia
762 1411 874 1498 Crispi
900 1415 973 1499 ejus
996 1414 1106 1480 fratris
1127 1415 1198 1485 filia

99 1523 270 1603 nepotem.
326 1518 421 1584 Huic
448 1519 682 1584 Maximianus
707 1515 954 1581 Maximiauam
984 1517 1195 1585 Theodoram

98 1621 289 1704 privignam
311 1641 420 1701 suam,
443 1620 619 1705 conjugem
642 1619 709 1686 dat.
752 1618 874 1698 Ambo,
888 1639 973 1704 quas
988 1621 1079 1704 prius
1093 1621 1197 1688 babe-

98 1730 193 1804 bant,
218 1744 343 1790 uxores
364 1725 527 1790 dimittere
546 1725 668 1789 coacti.
712 1721 899 1790 Confestim
915 1723 1148 1790 Diocletianus
1161 1726 1197 1791 iu

96 1831 285 1914 AEgyptum
302 1827 462 1893 adversus
476 1825 667 1893 Achilleum
682 1828 766 1892 abit.
807 1826 905 1892 Idem
920 1823 1057 1891 Galerio
1072 1848 1195 1911 genero

97 1951 162 1997 sno
187 1931 249 1996 dat
270 1931 395 1995 limites
417 1930 566 1995 Danubii
585 1928 824 1996 defendendos.
867 1927 1101 1994 Maximianus
1115 1930 1197 1997 Tre·

96 2054 197 2099 veros
211 2033 379 2112 concedit,
392 2038 430 2098 ut
445 2033 578 2098 scilicet
587 2032 631 2097 ad
641 2031 842 2110 Alamanos,
851 2032 880 2096 si
891 2036 979 2096 trans
989 2029 1145 2098 Rhenum
1161 2035 1197 2100 in

13 2205 18 2215 ,
97 2135 233 2203 Gallias
248 2135 473 2220 irrumperent,
485 2134 728 2219 reprimendos,
741 2140 778 2199 et
793 2135 836 2200 ad
850 2153 951 2218 opem
966 2134 1049 2212 sois,
1065 2134 1093 2201 si
1109 2157 1195 2222 opus

96 2245 198 2316 esset,
213 2236 382 2301 ferendam
401 2245 489 2304 esset
511 2237 671 2320 paratior.
716 2234 883 2302 Generum
897 2257 976 2303 voro
992 2257 1090 2304 snum
1104 2239 1194 2306 Gou-

96 2342 271 2418 stantium,
294 2340 516 2406 Gesoriacum
540 2340 740 2418 (Bononiam
773 2340 872 2405 bodie
898 2339 1056 2421 dicimus)
1080 2336 1193 2423 mittit,

95 2442 187 2510 Illuc
201 2443 428 2521 Constantius,
442 2443 561 2508 relicto
575 2442 665 2527 apud
681 2441 929 2508 Diocletianum
945 2442 1015 2507 filio
1026 2442 1195 2510 Constan-

94 2549 168 2612 tlno
184 2545 321 2628 Magno,
336 2546 488 2610 accurrit.
534 2543 658 2610 Urbem
677 2565 698 2610 a
720 2544 941 2628 praesidiariis
963 2544 1116 2615 Garausii
1131 2550 1194 2613 mi·

94 2652 213 2716 litibus
227 2655 260 2714 et
274 2648 485 2713 validissima
497 2648 607 2713 classa
619 2647 802 2727 defensam,
811 2648 1007 2714 incredibili
1021 2650 1193 2716 celeritate

95 2756 255 2836 occupat,
270 2750 358 2831 inde,
375 2752 405 2814 si
419 2755 546 2834 praesto
561 2751 703 2816 fuissent
717 2770 833 2828 naves,
850 2759 1094 2817 consecuturus
1112 2753 1193 2816 hos·

94 2864 164 2921 tem
186 2856 220 2919 in
245 2853 464 2919 Britanniam.
508 2853 645 2917 Interim
659 2854 839 2919 Bataviam
855 2872 876 2918 a
893 2852 1045 2936 Francis,
1062 2855 1191 2933 Frisiis,

92 2967 128 3024 et
143 2956 336 3035 chamavis,
352 2955 505 3020 Carausii
527 2955 704 3021 foederatis
727 2953 777 3019 ibi
799 2955 1044 3038 grassantibus,
1056 2958 1189 3024 liberat.

95 3064 224 3144 Paneg.
240 3077 282 3124 rr.
296 3059 349 3123 11.
373 3072 408 3123 r.
423 3058 455 3122 6.
479 3075 531 3123 vr.
546 3062 577 3123 4.
602 3074 669 3123 vrr.
684 3060 717 3124 5.

115 3276 264 3344 A.U.G.
282 3292 401 3342 uxor.
435 3276 510 3342 Chr.
527 3293 669 3341 ocxorr.
701 3277 847 3345 Dioclet.
871 3278 957 3363 Imp.
973 3297 1029 3347 rx.
1062 3282 1167 3349 AEtat.

267 3396 373 3445 xnrv.
413 3376 558 3446 Maxim.
574 3381 661 3465 Imp.
679 3398 763 3446 vrrr.
798 3383 902 3448 AEtat.
918 3398 1016 3450 xnrr.

136 3534 363 3618 Imperatores
384 3532 585 3600 constantio
608 3541 643 3598 et
665 3533 807 3601 Galerio
832 3535 1023 3604 Caesaribus
1050 3541 1187 3607 tribuni-

91 3638 177 3703 tiam
201 3642 402 3721 potestatem
427 3638 607 3703 conferunt.
657 3639 887 3705 Maximianus
904 3640 1027 3707 Rheno
1048 3644 1186 3722 insistit,

91 3747 128 3807 ut
151 3740 306 3805 Francos
320 3747 353 3806 et
369 3739 557 3805 Alamanos
579 3742 761 3819 contineat,
783 3744 908 3810 interea
928 3744 1005 3809 dum
1023 3746 1186 3812 Constan-

91 3845 160 3908 tius
175 3862 252 3909 cnm
267 3842 378 3909 classe
392 3845 426 3909 in
441 3844 649 3908 Britanniam
664 3845 834 3928 appellere
847 3847 972 3912 nititur.
1009 3846 1058 3913 At
1073 3867 1188 3932 repen·
1300 3928 1304 3937 ι

91 3947 163 4012 tina
179 3951 385 4030 tempestate
405 3944 560 4031 repulsus
580 3945 691 4011 foedus
711 3967 787 4011 curn
809 3947 972 4015 carausio
994 3951 1089 4027 inire,
1112 3941 1186 4019 Bri-

89 4050 350 4133 tanniarnmque
366 4049 544 4133 imperium
560 4049 591 4114 ei
607 4050 770 4118 remittere
786 4072 924 4119 necesse
939 4053 1068 4120 habuit.
1101 4055 1184 4125 Vid.

89 4153 231 4236 Eutrop.
