2730 4726
311 333 539 385 MAXiMlANO
566 332 611 380 ET
635 331 921 381 constantino.
958 331 1009 378 Vi.
1032 316 1066 380 9·
1153 315 1242 383 1333

132 479 260 563 gemitu
274 479 514 545 moerentibus·
528 479 635 541 facere
650 474 800 550 voluisti,
816 494 882 539 non
897 474 1035 557 quidem
1052 479 1089 538 tu
1104 474 1241 558 reipub·

131 584 208 649 licae
233 581 446 664 negligentia,
468 587 529 644 aut
548 579 677 644 laboris
697 578 787 660 suga,
811 582 868 641 aut
890 575 1029 642 desidiae
1052 577 1240 661 cupiditate

132 686 267 761 ductus,
283 683 343 749 sed
358 683 496 748 consilii
512 681 606 756 olim,
621 686 724 745 utres
739 676 819 753 est,b
841 679 928 744 inter
943 697 1006 743 vos
1021 678 1139 761 placiti
1160 698 1240 744 oon·

131 789 273 863 stantia,
289 792 322 850 et
336 786 463 870 pietate
478 785 624 849 fraterna
637 803 646 865 3
668 803 722 858 ne,
745 802 845 864 quem
867 781 971 846 totius
987 781 1081 855 vitae,
1096 800 1243 846 summa·

129 908 274 971 rumque
299 907 407 951 rerum
430 886 562 951 socium
584 904 719 968 semper
741 884 931 965 habuisses
948 883 982 946 in
999 882 1143 966 alicujus
1158 883 1241 948 facti

130 990 375 1056 communitate
397 987 579 1061 desereres
604 986 717 1049 nevel
739 986 855 1064 ἰΙΙίιιε,ο
877 985 1000 1049 viderit
1020 984 1126 1068 quali,
1150 993 1241 1050 certe

130 1108 231 1155 novae
260 1088 353 1152 laudi
383 1085 542 1153 cederes!
584 1087 616 1152 3.
639 1085 768 1151 Verum
799 1087 898 1167 longe
927 1086 1060 1149 diversa
1091 1087 1125 1149 in
1155 1082 1242 1150 urisd

130 1198 204 1257 erat
220 1210 328 1256 cansa
344 1190 546 1265 declinandi,
562 1197 622 1253 aut
638 1189 828 1253 sustinendi
843 1189 979 1252 laboris.
1024 1186 1241 1271 Quanquam,

132 1295 197 1360 etsi
222 1299 330 1356 totam
354 1291 612 1357 excusationem
638 1291 748 1354 aetatis
773 1290 919 1366 afferreS,
946 1291 996 1353 sic
1023 1309 1159 1373 qnoque
1180 1291 1242 1356 tibi

131 1395 331 1480 reipublicae
346 1394 435 1458 curis
451 1413 518 1456 non
535 1401 606 1457 erat
621 1394 858 1458 abnuendum.⁸
891 1395 923 1456 4.
940 1391 1006 1470 Αιι,
1025 1394 1054 1457 si
1070 1394 1242 1458 maximus

131 1499 278 1582 quisque
305 1503 389 1560 natu
418 1498 622 1576 gubernator
652 1497 846 1562 vectoribus
875 1504 929 1560 est
958 1498 1164 1561 certissimus
1195 1496 1241 1562 ad

132 1601 288 1673 salutem,
302 1617 368 1662 non
384 1598 414 1661 is
431 1603 483 1660 est
499 1598 660 1680 optimus,
676 1599 734 1681 qui
751 1619 816 1662 usu
840 1599 1076 1680 peritissimuS,
1093 1597 1243 1682 imperas

131 1702 207 1767 tori
226 1706 287 1763 aut
301 1705 334 1765 te
350 1719 513 1783 nuquam,
529 1698 760 1777 Constantine,
776 1701 874 1765 liberi
889 1703 996 1765 nostri
1007 1697 1018 1735 s
1030 1709 1241 1785 nepotesque

130 1803 315 1885 patientur,
331 1802 386 1867 vel
400 1821 474 1866 cum
491 1802 534 1864 ad
551 1821 714 1865 summum
731 1803 924 1885 perveneris
948 1808 1162 1876 senectutem,
1179 1803 1240 1866 rei-

130 1904 279 1987 publicae
294 1905 371 1969 veia
394 1905 600 1981 contrahere,
624 1926 700 1989 quae
728 1914 796 1969 tum
822 1904 977 1977 felicibus
1004 1904 1113 1968 ventis
1136 1905 1240 1968 ctiam

126 2006 263 2091 juvenis
291 2006 506 2090 impleverisi
549 2009 582 2070 5.
606 2007 674 2071 Sed
703 2014 816 2071 tamen
843 2013 1027 2088 utcumque
1054 2006 1105 2069 fas
1129 2006 1238 2083 fuerit,

131 2129 209 2174 eum
232 2110 437 2193 Principem,
454 2129 553 2193 quem
577 2109 654 2173 anni
678 2117 845 2193 cogerent,
860 2117 919 2173 aut
935 2108 1092 2172 valetudo
1117 2109 1242 2174 defice·

130 2217 190 2289 ret,
219 2213 370 2296 receptui
400 2231 543 2291 canere3
575 2220 609 2276 te
640 2231 727 2290 vero,
753 2214 883 2295 inquo
914 2211 1023 2276 adhuc
1054 2211 1128 2274 istae
1159 2219 1240 2276 sunt

155 2378 175 2426 '⁶
190 2395 280 2444 intimo
291 2395 317 2442 in
325 2400 418 2458 pectore
425 2395 585 2456 gementibus.

162 2458 174 2492 ⁸
192 2460 305 2511 Noverat
317 2459 417 2518 inferior
427 2474 497 2516 esses,
510 2475 576 2509 novoe
587 2459 682 2522 quidem
695 2457 749 2508 huie
760 2459 836 2516 tundi,
847 2459 1023 2524 quouscunque
1034 2459 1157 2521 illusor-et.

593 2585 778 2606 eeouoneue

129 2673 191 2723 dum
200 2669 274 2721 'forts
291 2677 430 2733 utrumque
441 2670 500 2720 unt!
519 2670 621 2720 Acidat.
647 2677 746 2732 urgente
757 2687 827 2721 cursu
839 2671 1002 2733 (insipit-2
1021 2671 1074 2719 Pro
1086 2684 1116 2720 ne
1125 2671 1163 2720 oet
1173 2669 1239 2718 iliius

130 2739 216 2788 Lirin.
228 2743 256 2786 et
269 2736 371 2785 Acidal.
383 2736 451 2798 conj.
463 2750 520 2785 neve
538 2736 602 2784 iilius
609 2751 619 2794 ;
639 2746 665 2785 et
680 2738 718 2786 sic
730 2737 837 2786 edidere
850 2739 965 2786 Patarol.
981 2744 1008 2785 et
1019 2736 1165 2795 ‚legen-3
1183 2735 1238 2784 Pro

129 2803 155 2850 in
173 2816 223 2856 nos,
236 2802 300 2850 Erre.
312 2801 393 2862 hang.
406 2800 502 2850 habeut
513 2800 595 2858 cons,-
612 2800 713 2850 Acidal.
730 2803 867 2866 iegijnbat
882 2804 946 2851 inter
961 2815 1009 2849 nos.
1038 2801 1098 2848 Vet.
1112 2799 1196 2847 Lirin.
1211 2806 1239 2849 et

129 2866 232 2917 Bertin.
246 2866 384 2927 Quanquam
392 2864 493 2915 etiamsi.
522 2864 624 2915 Acidat
637 2866 773 2927 legendum
787 2868 906 2930 putabat,
916 2865 1026 2929 offerret,
1036 2865 1071 2912 sic
1082 2879 1172 2926 quoque
1182 2865 1239 2928 ipsi,

130 2933 171 2981 vei
189 2930 238 2980 itti.
265 2931 347 2979 Lirin.
366 2930 516 2988 oddendnmf
534 2930 625 2994 Steph.
643 2932 801 2989 abutendam,-
818 2932 905 2981 Moeri.
923 2929 1107 2992 eremmon.
1127 2930 1239 2980 Putean.

130 2996 194 3045 Vet.
215 2995 299 3045 Livin-
319 2993 420 3044 Bsrtin.
438 2996 503 3044 Exc-
523 2995 603 3057 Lang.
623 2995 731 3059 Cuspio.
751 2996 846 3046 cellar.
863 2996 979 3045 Patami.
996 2994 1072 3044 Grut.
1085 3001 1112 3042 et
1125 3001 1238 3045 recenti.

128 3061 276 3111 maenium
282 3077 293 3118 ,·
310 3059 429 3107 Rhenan.
441 3067 472 3120 et,
483 3060 567 3108 Rivin.
577 3060 720 3110 autumnum
727 3076 737 3120 ,·
758 3063 791 3112 at.
802 3062 933 3110 cimanum
940 3076 950 3120 ,·
968 3059 1069 3109 Acidai
1079 3060 1147 3124 conj.
1164 3059 1239 3109 nisti·

127 3126 242 3186 ιιιιιάιιιιι,
253 3126 293 3173 vei
303 3124 464 3174 absistendum
470 3139 480 3182 ,·
491 3125 555 3174 Euo.
569 3127 713 3174 schonhov.
721 3127 927 3176 annuendum—t
945 3124 1011 3174 Edd.
1020 3134 1085 3175 vett.
1093 3126 1240 3187 gubernator

128 3196 164 3241 est
177 3189 345 3247 certissimssr
362 3190 424 3238 Vet.
443 3190 557 3240 Putean.
571 3188 642 3239 (ind.
661 3192 750 3241 Moert.
764 3193 879 3242 inserunt
891 3191 1028 3241 victoribus.
1053 3191 1179 3240 ‘Secutus
1192 3191 1237 3240 iras

129 3254 310 3310 auctoritates,
321 3268 379 3302 eam
391 3268 481 3303 vocem
492 3255 517 3302 in
527 3263 627 3303 textum
639 3255 759 3317 reposui!
775 3258 869 3318 Joeger.
907 3256 1043 3307 Victoribus
1054 3255 1155 3305 Bertiu.
1168 3255 1238 3309 unde

129 3320 215 3369 Lirin.
226 3320 294 3382 conj.
310 3318 450 3367 sectoribus.
477 3319 590 3382 Guerpu.
602 3335 648 3368 non
662 3321 685 3368 is
695 3320 803 3384 optimas.
831 3319 900 3371 Edd.
912 3321 1029 3384 quaedam
1042 3326 1107 3370 vett.
1119 3326 1155 3371 est
1165 3321 1237 3384 inspe-

127 3391 212 3442 aaron
228 3382 290 3432 iliud
308 3389 344 3433 est
362 3382 436 3432 abest
450 3385 475 3432 in
488 3384 549 3434 Vct.
564 3385 647 3434 Lirin.
658 3386 767 3448 Cuspio.
779 3386 896 3436 Rhenan.
908 3393 936 3436 et
948 3387 1078 3449 plerisque
1090 3386 1150 3435 edd.
1173 3385 1237 3435 nond
1299 3407 1305 3421 ·
1337 3381 1341 3390 '

128 3456 153 3498 ts
171 3462 275 3512 unquam
292 3449 324 3497 P.
345 3448 451 3498 Daniel.
480 3449 633 3499 Constantini
652 3450 766 3514 Gueiph.
784 3452 895 3500 Putesn.
911 3452 994 3500 Banu.
1010 3458 1038 3499 et
1050 3452 1166 3514 plurimae
1178 3451 1237 3499 edd.
1341 3507 1349 3520 ι

130 3514 290 3564 Constantine
302 3513 333 3562 Ρ.
344 3514 447 3564 Daniel.
465 3513 584 3564 Rhesso.
597 3513 690 3578 Steph.
703 3516 810 3580 cuspin.
825 3517 943 3567 Pataroi.
957 3516 1105 3581 rages-o
1123 3517 1236 3568 Putean.

629 3629 738 3680 NOTAE

158 3725 172 3760 ὓ
190 3725 225 3776 Ut
242 3723 344 3788 retest]
366 3721 450 3791 Hanc
466 3723 588 3789 loquendi
608 3723 660 3774 for·
702 3726 745 3777 iim
764 3727 939 3788 abstinendum,
957 3726 998 3776 vel
1017 3726 1185 3782 obsistendum,
1206 3733 1236 3776 ut

96 3853 97 3856 ,
128 3804 224 3853 ιιιιιΙιιιι
247 3801 324 3866 hujus
344 3801 429 3850 aetntis
452 3801 583 3864 propriam
603 3816 661 3852 esse
701 3802 1001 3867 suspicaturAcidsiius.

127 3893 207 3942 snpra
220 3876 376 3935 notavimus,
386 3876 487 3940 Psrreg.
499 3891 543 3927 111.
554 3882 579 3927 9.
735 3879 745 3914 ¹
760 3882 926 3937 Constantine,
936 3881 1005 3930 tiberi
1016 3879 1103 3944 nostri]
1122 3879 1165 3928 its
1177 3893 1234 3928 crim

157 3961 171 3987 ⁰
189 3951 366 4015 Neoelittius]
385 3953 663 4017 NeoeiliinaAcidai.
702 3958 828 4006 Rhenano
845 3958 903 4019 lego
922 3965 950 4006 et
969 3955 1085 4009 [laniate.
1104 3969 1151 4018 pro
1171 3955 1234 4004 Con·

158 4027 171 4062 ⁴¹
191 4029 224 4077 In
236 4027 289 4090 nos]
306 4027 376 4077 Inter
391 4043 442 4091 vos,
456 4030 558 4080 Acidal.
569 4031 612 4081 uel
623 4048 661 4081 co·
701 4035 805 4084 stantini
814 4033 884 4084 tiberi
893 4034 979 4096 nostri,
987 4039 1016 4082 ut
1028 4038 1068 4081 sst
1080 4031 1105 4079 in
1115 4030 1235 4084 Putasne
1276 4038 1279 4042 “

127 4103 306 4166 ὺὶι,Ι.ιιιςὶιιι.
703 4110 826 4161 editione.

158 4187 170 4213 ²
186 4178 355 4242 Atinensium]
372 4178 425 4230 Arii
442 4179 590 4233 obeundum:
609 4198 662 4234 nra·
