2730 4726
478 527 540 588 DE
569 525 790 590 AUCTORE

314 713 503 794 HUJUS
544 708 945 805 PANEGYRICI,

183 910 231 963 ΕΤ
247 910 323 963 QUO
339 892 524 974 TEMPORE,
541 907 695 961 QUOQUE
713 907 811 960 Loco
831 909 889 961 Sl'l'
905 908 1073 962 neamus.

129 1249 264 1316 Husus
281 1254 316 1316 et
330 1248 503 1336 sequentis
517 1249 716 1335 Panegyrici
732 1254 904 1316 auctorem
920 1268 998 1316 osse
1012 1269 1089 1319 com
1103 1269 1177 1335 per-

86 1353 206 1418 suadet
233 1353 312 1438 styli
338 1354 493 1432 affiuitas,
523 1357 593 1418 tum
622 1352 753 1420 videtur
782 1360 900 1420 auctor
927 1354 1000 1438 ipse
1025 1355 1177 1420 innuere:

85 1461 96 1490 ‘
110 1455 295 1535 voveram,
315 1463 351 1522 ut
371 1477 424 1521 me
439 1457 640 1539 dignatione,
657 1456 868 1542 quapridem
882 1456 1050 1536 audieras,
1064 1476 1178 1523 rursus

85 1557 244 1625 audires.’
284 1559 412 1642 Paneg.
431 1559 632 1626 11r.1.ettl.
658 1557 740 1625 ‘De
765 1560 916 1626 victoriis
941 1562 1061 1628 vestris
1084 1552 1184 1627 multi

86 1681 219 1726 summa
244 1662 437 1746 eloquentia
460 1662 594 1745 praediti
619 1661 785 1743 dixerunt,
810 1670 846 1729 et
868 1684 930 1748 ego
953 1664 1080 1748 pridem
1100 1684 1178 1729 cum

84 1764 167 1829 mihi
194 1764 376 1829 auditionis
402 1769 469 1830 tuac
494 1763 619 1831 divinae
641 1764 791 1848 dignatio
806 1785 881 1831 eam
900 1767 1035 1851 copiam
1050 1766 1178 1844 tribuit,

85 1874 243 1950 quantum
272 1867 370 1951 potui
396 1866 599 1953 praedicavi?
641 1866 785 1933 Accedit
802 1867 943 1952 Sigonii,
965 1868 1123 1948 livineii,
1144 1876 1179 1934 et

85 1969 230 2035 Puteaui
245 1968 294 2034 ita
308 1968 571 2036 existimantium
587 1971 778 2039 auctoritas.
815 1970 919 2035 Hunc
932 1977 1045 2036 antem
1061 1980 1178 2038 aucto-

85 2089 247 2138 ramesse
261 2069 497 2138 Mamertinum
518 2072 643 2137 indicio
666 2078 719 2137 est
737 2071 939 2158 Panegyrici
952 2073 1083 2140 titulus.
1126 2072 1180 2140 Ac

85 2172 321 2240 Mamertinum
338 2177 441 2241 alium
457 2176 559 2240 inisse
574 2182 708 2260 oportet
729 2176 775 2240 ab
799 2195 853 2255 eo,
868 2176 927 2260 qni
948 2182 1030 2262 post
1044 2183 1180 2261 septua-

86 2277 179 2361 ginta
194 2296 299 2343 annos
322 2277 569 2361 elegantissimo
592 2278 800 2364 Panegyrico
818 2281 944 2362 gratias
959 2280 1027 2364 ogit
1039 2280 1062 2345 J
1065 2281 1178 2346 uliano

84 2380 168 2466 imp.
190 2380 232 2446 de
248 2381 434 2446 consulatu.
478 2379 554 2444 Etsi
569 2381 711 2446 nominis
726 2381 866 2448 fortasse
882 2382 1066 2448 similitudo
1084 2383 1178 2462 sccit,

84 2489 122 2550 nt
152 2482 259 2569 aliqui
288 2504 333 2550 ex
362 2483 494 2549 dnobus
524 2482 739 2552 Mamertinis
765 2505 867 2552 unum
892 2484 1016 2552 secisse
1041 2484 1177 2551 videau-

85 2591 280 2754 turilabitns
295 2693 345 2753 est
360 2703 416 2752 xl.
433 2687 513 2754 Kal.
527 2688 630 2755 Mart.
652 2689 708 2755 die
728 2690 822 2756 urbis
839 2690 960 2755 natali.
1003 2690 1107 2754 ‘Hoc
1123 2690 1179 2754 die

85 2810 154 2875 quo
168 2791 367 2857 immortalis
382 2798 475 2857 ortus
489 2785 630 2863 dominae
648 2794 795 2875 gentium
809 2792 956 2858 civitatis
971 2791 1180 2871 celebratur,’
1295 2842 1299 2848 .

83 2913 164 2979 cap.
188 2912 227 2960 1.
243 2913 332 2968 anno
357 2892 481 2960 Christi
504 2911 648 2960 ccxcrr.
672 2914 749 2961 cum
768 2893 997 2970 Constantius,
1020 2893 1179 2961 Bononia

84 3003 196 3082 capta,
211 3002 417 3082 purgataque
431 3017 453 3063 a
466 2997 619 3063 barbaris
635 2996 790 3077 Batavis,
805 2997 961 3078 classem,
976 3002 1011 3063 ut
1031 3004 1084 3063 est
1101 2983 1179 3081 cap.

85 3122 143 3171 xr.
160 3109 193 3168 et
209 3116 282 3165 xri.
307 3102 342 3166 in
368 3100 577 3167 Britanniam
605 3100 757 3168 transitui
781 3106 977 3185 appararet3
1000 3120 1077 3166 oum
1093 3098 1178 3164 Dio-

84 3209 253 3273 cletianus
267 3211 355 3272 esset
368 3206 403 3269 in
418 3203 569 3282 Oriente,
592 3224 670 3288 cap.
688 3219 768 3268 xiv.
789 3209 952 3288 praesente
968 3201 1177 3269 Maximiano

83 3310 175 3394 Aug.
194 3308 356 3389 ‘Quanto
371 3308 505 3373 tandem
519 3307 633 3372 studio
647 3306 779 3373 laudari
792 3311 824 3372 te
837 3307 891 3372 hic
907 3327 927 3373 a
941 3307 1040 3372 nobis
1057 3326 1180 3372 conro-

82 3414 146 3494 nit,
170 3413 231 3498 qui
256 3417 288 3478 te
313 3417 513 3497 praeseutem
535 3408 741 3477 iutuemnrt'
762 3428 838 3494 cap.
853 3425 895 3474 11.
939 3409 1019 3475 Non
1036 3409 1177 3492 Romae3

83 3537 164 3602 cap.
178 3516 265 3582 enim
282 3531 370 3580 xlm.
391 3519 402 3549 ‘
418 3520 541 3599 quanto
557 3533 646 3579 nnnc
662 3513 781 3579 civitas
800 3512 859 3578 illa
877 3511 1039 3598 (Romam
1054 3513 1177 3578 intelli·

83 3618 148 3705 git)
162 3625 257 3685 essct
270 3618 451 3700 augustior,
467 3617 498 3682 si
513 3635 575 3681 ros
592 3617 839 3700 (imperatores)
858 3615 1092 3701 conspiceret?
1134 3616 1177 3680 Iu

84 3724 220 3790 Gallia:
236 3722 413 3807 ‘quoniam
426 3721 512 3785 hunc
528 3719 692 3803 optimum
707 3718 888 3804 principem
903 3719 1179 3803 (Maximianum)

82 3828 119 3892 iu
135 3826 260 3894 Galliis
274 3826 345 3891 suis
360 3824 480 3889 retinet
493 3824 576 3888 ratio
591 3819 807 3906 reipublicae,’
821 3842 897 3906 cap.
906 3838 996 3890 xiil.
1011 3823 1177 3901 Treveris,

83 3937 122 3996 nt
146 3935 248 4014 putat
266 3932 345 4012 post
367 3921 539 4010 Sigonium
557 3929 591 3989 et
610 3926 799 3990 Livineium
822 3926 1015 4003 Puteanus,
1039 3935 1074 3989 et
1097 3944 1175 3989 vero

85 4043 158 4100 crat
187 4032 267 4098 urbs
294 4032 361 4096 ista
389 4031 624 4116 imperatorum
654 4030 870 4111 domicilium,
893 4047 969 4094 cum
993 4028 1028 4091 in
1054 4026 1176 4094 Galliis

83 4137 317 4208 versabantur.
