<?xml version="1.0" encoding="UTF-8"?>
<!DOCTYPE html PUBLIC "-//W3C//DTD XHTML 1.0 Transitional//EN"
    "http://www.w3.org/TR/xhtml1/DTD/xhtml1-transitional.dtd">
<html xmlns="http://www.w3.org/1999/xhtml" xml:lang="en" lang="en">
 <head>
  <title>
</title>
<meta http-equiv="Content-Type" content="text/html;charset=utf-8" />
  <meta name='ocr-system' content='tesseract 3.04.00' />
  <meta name='ocr-capabilities' content='ocr_page ocr_carea ocr_par ocr_line ocrx_word'/>
</head>
<body>
  <div class='ocr_page' id='page_1' title='image "./panegyriciveter01baungoog_0395.png"; bbox 0 0 2730 4726; ppageno 0'>
   <div class='ocr_carea' id='block_1_1' title="bbox 131 293 913 361">
    <p class='ocr_par' dir='ltr' id='par_1_1' title="bbox 131 293 913 361">
     <span class='ocr_line' id='line_1_1' title="bbox 131 293 913 361; baseline 0.001 -1"><span class='ocrx_word' id='word_1_1' title='bbox 131 293 221 361; x_wconf 77' lang='lat'>1482</span> <span class='ocrx_word' id='word_1_2' title='bbox 449 306 613 358; x_wconf 73' lang='lat' dir='ltr'><strong>nassau</strong></span> <span class='ocrx_word' id='word_1_3' title='bbox 639 308 913 361; x_wconf 70' lang='lat' dir='ltr'><strong>clarusmons</strong></span> 
     </span>
    </p>
   </div>
   <div class='ocr_carea' id='block_1_2' title="bbox 127 452 1233 2076">
    <p class='ocr_par' dir='ltr' id='par_1_2' title="bbox 128 452 1231 950">
     <span class='ocr_line' id='line_1_2' title="bbox 129 452 1230 542; baseline 0.001 -20"><span class='ocrx_word' id='word_1_4' title='bbox 129 463 308 542; x_wconf 79' lang='lat' dir='ltr'><strong>praterea,</strong></span> <span class='ocrx_word' id='word_1_5' title='bbox 321 453 471 537; x_wconf 86' lang='lat' dir='ltr'><strong>inquam,</strong></span> <span class='ocrx_word' id='word_1_6' title='bbox 487 454 568 538; x_wconf 88' lang='lat' dir='ltr'><strong>quia</strong></span> <span class='ocrx_word' id='word_1_7' title='bbox 581 455 639 518; x_wconf 85' lang='lat' dir='ltr'><strong>vix</strong></span> <span class='ocrx_word' id='word_1_8' title='bbox 660 452 784 519; x_wconf 84' lang='lat' dir='ltr'><strong>sufficit</strong></span> <span class='ocrx_word' id='word_1_9' title='bbox 802 455 923 534; x_wconf 80' lang='lat' dir='ltr'><strong>oratio,</strong></span> <span class='ocrx_word' id='word_1_10' title='bbox 937 453 1032 521; x_wconf 84' lang='lat' dir='ltr'><strong>tacta</strong></span> <span class='ocrx_word' id='word_1_11' title='bbox 1046 456 1230 539; x_wconf 76' lang='lat' dir='ltr'><strong>publicitus</strong></span> 
     </span>
     <span class='ocr_line' id='line_1_3' title="bbox 130 553 1231 642; baseline 0.003 -18"><span class='ocrx_word' id='word_1_12' title='bbox 130 557 326 642; x_wconf 86' lang='lat' dir='ltr'><strong>explicare:</strong></span> <span class='ocrx_word' id='word_1_13' title='bbox 348 574 551 639; x_wconf 87' lang='lat' dir='ltr'><strong>quanquam,</strong></span> <span class='ocrx_word' id='word_1_14' title='bbox 575 575 652 622; x_wconf 89' lang='lat' dir='ltr'><strong>cnm</strong></span> <span class='ocrx_word' id='word_1_15' title='bbox 672 575 717 621; x_wconf 88' lang='lat' dir='ltr'><strong>ex</strong></span> <span class='ocrx_word' id='word_1_16' title='bbox 739 557 883 639; x_wconf 72' lang='lat' dir='ltr'><strong>singulis</strong></span> <span class='ocrx_word' id='word_1_17' title='bbox 904 556 970 622; x_wconf 78' lang='lat' dir='ltr'><strong>eit·</strong></span> <span class='ocrx_word' id='word_1_18' title='bbox 994 553 1231 640; x_wconf 78' lang='lat' dir='ltr'><strong>coagmentata</strong></span> 
     </span>
     <span class='ocr_line' id='line_1_4' title="bbox 128 659 1230 750; baseline 0 -23"><span class='ocrx_word' id='word_1_19' title='bbox 128 661 333 746; x_wconf 73' lang='lat' dir='ltr'><strong>respublica,</strong></span> <span class='ocrx_word' id='word_1_20' title='bbox 361 664 396 723; x_wconf 88' lang='lat' dir='ltr'><strong>et</strong></span> <span class='ocrx_word' id='word_1_21' title='bbox 418 659 579 750; x_wconf 86' lang='lat' dir='ltr'><strong>quicquid</strong></span> <span class='ocrx_word' id='word_1_22' title='bbox 601 660 637 724; x_wconf 92' lang='lat' dir='ltr'><strong>in</strong></span> <span class='ocrx_word' id='word_1_23' title='bbox 659 678 735 724; x_wconf 87' lang='lat' dir='ltr'><strong>eam</strong></span> <span class='ocrx_word' id='word_1_24' title='bbox 756 659 934 739; x_wconf 81' lang='lat' dir='ltr'><strong>confertur,</strong></span> <span class='ocrx_word' id='word_1_25' title='bbox 957 660 1001 725; x_wconf 75' lang='lat' dir='ltr'><strong>ad</strong></span> <span class='ocrx_word' id='word_1_26' title='bbox 1024 681 1145 726; x_wconf 88' lang='lat' dir='ltr'><strong>omnes</strong></span> <span class='ocrx_word' id='word_1_27' title='bbox 1170 683 1230 747; x_wconf 82' lang='lat' dir='ltr'><strong>pro</strong></span> 
     </span>
     <span class='ocr_line' id='line_1_5' title="bbox 128 762 1231 850; baseline 0.001 -20"><span class='ocrx_word' id='word_1_28' title='bbox 128 765 279 850; x_wconf 82' lang='lat' dir='ltr'><strong>portione</strong></span> <span class='ocrx_word' id='word_1_29' title='bbox 297 768 479 847; x_wconf 86' lang='lat' dir='ltr'><strong>permanat,</strong></span> <span class='ocrx_word' id='word_1_30' title='bbox 494 769 529 826; x_wconf 89' lang='lat' dir='ltr'><strong>et</strong></span> <span class='ocrx_word' id='word_1_31' title='bbox 542 763 693 827; x_wconf 82' lang='lat' dir='ltr'><strong>vicissim</strong></span> <span class='ocrx_word' id='word_1_32' title='bbox 716 780 858 827; x_wconf 89' lang='lat' dir='ltr'><strong>necesse</strong></span> <span class='ocrx_word' id='word_1_33' title='bbox 879 772 945 840; x_wconf 90' lang='lat' dir='ltr'><strong>est,</strong></span> <span class='ocrx_word' id='word_1_34' title='bbox 960 762 1056 846; x_wconf 86' lang='lat' dir='ltr'><strong>qnod</strong></span> <span class='ocrx_word' id='word_1_35' title='bbox 1077 764 1231 846; x_wconf 78' lang='lat' dir='ltr'><strong>singilla-</strong></span> 
     </span>
     <span class='ocr_line' id='line_1_6' title="bbox 130 863 1231 950; baseline -0.003 -15"><span class='ocrx_word' id='word_1_36' title='bbox 130 869 191 934; x_wconf 86' lang='lat' dir='ltr'><strong>tim</strong></span> <span class='ocrx_word' id='word_1_37' title='bbox 205 885 323 932; x_wconf 87' lang='lat' dir='ltr'><strong>omnes</strong></span> <span class='ocrx_word' id='word_1_38' title='bbox 334 863 581 950; x_wconf 87' lang='lat' dir='ltr'><strong>adipiscuntur,</strong></span> <span class='ocrx_word' id='word_1_39' title='bbox 591 866 625 929; x_wconf 91' lang='lat' dir='ltr'><strong>in</strong></span> <span class='ocrx_word' id='word_1_40' title='bbox 638 882 815 930; x_wconf 85' lang='lat' dir='ltr'><strong>commone</strong></span> <span class='ocrx_word' id='word_1_41' title='bbox 828 864 1022 950; x_wconf 85' lang='lat' dir='ltr'><strong>reipublicae</strong></span> <span class='ocrx_word' id='word_1_42' title='bbox 1034 867 1231 932; x_wconf 76' lang='lat' dir='ltr'><strong>redundare.</strong></span> 
     </span>
    </p>

    <p class='ocr_par' dir='ltr' id='par_1_3' title="bbox 127 966 1233 2076">
     <span class='ocr_line' id='line_1_7' title="bbox 172 966 1230 1054; baseline 0.001 -19"><span class='ocrx_word' id='word_1_43' title='bbox 172 969 264 1035; x_wconf 78' lang='lat' dir='ltr'><strong>Gan.</strong></span> <span class='ocrx_word' id='word_1_44' title='bbox 279 981 424 1032; x_wconf 85' lang='lat' dir='ltr'>xxx1v.</span> <span class='ocrx_word' id='word_1_45' title='bbox 468 966 500 1030; x_wconf 93' lang='lat'><strong>1.</strong></span> <span class='ocrx_word' id='word_1_46' title='bbox 522 967 601 1033; x_wconf 79' lang='lat' dir='ltr'><strong>lam</strong></span> <span class='ocrx_word' id='word_1_47' title='bbox 616 968 676 1033; x_wconf 87' lang='lat' dir='ltr'><strong>illa</strong></span> <span class='ocrx_word' id='word_1_48' title='bbox 698 969 760 1034; x_wconf 81' lang='lat' dir='ltr'><strong>vix</strong></span> <span class='ocrx_word' id='word_1_49' title='bbox 775 966 883 1034; x_wconf 87' lang='lat' dir='ltr'><strong>audeo</strong></span> <span class='ocrx_word' id='word_1_50' title='bbox 898 968 941 1033; x_wconf 85' lang='lat' dir='ltr'><strong>do</strong></span> <span class='ocrx_word' id='word_1_51' title='bbox 957 976 1051 1034; x_wconf 89' lang='lat' dir='ltr'><strong>tauto</strong></span> <span class='ocrx_word' id='word_1_52' title='bbox 1067 969 1230 1054; x_wconf 83' lang='lat' dir='ltr'><strong>Principe</strong></span> 
     </span>
     <span class='ocr_line' id='line_1_8' title="bbox 129 1066 1231 1155; baseline -0.002 -16"><span class='ocrx_word' id='word_1_53' title='bbox 129 1090 401 1149; x_wconf 87' lang='lat' dir='ltr'><strong>commemorare,</strong></span> <span class='ocrx_word' id='word_1_54' title='bbox 417 1072 509 1155; x_wconf 86' lang='lat' dir='ltr'><strong>qnod</strong></span> <span class='ocrx_word' id='word_1_55' title='bbox 530 1072 656 1137; x_wconf 90' lang='lat' dir='ltr'><strong>nnllam</strong></span> <span class='ocrx_word' id='word_1_56' title='bbox 675 1080 909 1149; x_wconf 87' lang='lat' dir='ltr'><strong>matronarum,</strong></span> <span class='ocrx_word' id='word_1_57' title='bbox 930 1072 986 1136; x_wconf 93' lang='lat' dir='ltr'><strong>cui</strong></span> <span class='ocrx_word' id='word_1_58' title='bbox 1000 1066 1106 1136; x_wconf 85' lang='lat' dir='ltr'><strong>forma</strong></span> <span class='ocrx_word' id='word_1_59' title='bbox 1123 1090 1231 1137; x_wconf 86' lang='lat' dir='ltr'><strong>emen·</strong></span> 
     </span>
     <span class='ocr_line' id='line_1_9' title="bbox 130 1169 1231 1260; baseline -0.001 -19"><span class='ocrx_word' id='word_1_60' title='bbox 130 1176 240 1241; x_wconf 82' lang='lat' dir='ltr'><strong>dalion</strong></span> <span class='ocrx_word' id='word_1_61' title='bbox 260 1175 386 1250; x_wconf 54' lang='lat' dir='ltr'><strong>laedi?</strong></span> <span class='ocrx_word' id='word_1_62' title='bbox 404 1174 483 1239; x_wconf 92' lang='lat' dir='ltr'><strong>boni</strong></span> <span class='ocrx_word' id='word_1_63' title='bbox 505 1175 558 1240; x_wconf 87' lang='lat' dir='ltr'><strong>sui</strong></span> <span class='ocrx_word' id='word_1_64' title='bbox 582 1176 729 1260; x_wconf 79' lang='lat' dir='ltr'><strong>piguit3‘1</strong></span> <span class='ocrx_word' id='word_1_65' title='bbox 755 1191 832 1239; x_wconf 92' lang='lat' dir='ltr'><strong>cnm</strong></span> <span class='ocrx_word' id='word_1_66' title='bbox 856 1174 921 1238; x_wconf 87' lang='lat' dir='ltr'><strong>snb</strong></span> <span class='ocrx_word' id='word_1_67' title='bbox 942 1169 1231 1240; x_wconf 78' lang='lat' dir='ltr'><strong>abstinentissimo</strong></span> 
     </span>
     <span class='ocr_line' id='line_1_10' title="bbox 130 1276 1232 1363; baseline -0.002 -19"><span class='ocrx_word' id='word_1_68' title='bbox 130 1277 336 1363; x_wconf 79' lang='lat' dir='ltr'><strong>Imperatore</strong></span> <span class='ocrx_word' id='word_1_69' title='bbox 351 1277 482 1361; x_wconf 87' lang='lat' dir='ltr'><strong>species</strong></span> <span class='ocrx_word' id='word_1_70' title='bbox 497 1278 667 1344; x_wconf 87' lang='lat' dir='ltr'><strong>luculenta</strong></span> <span class='ocrx_word' id='word_1_71' title='bbox 688 1297 756 1342; x_wconf 94' lang='lat' dir='ltr'><strong>non</strong></span> <span class='ocrx_word' id='word_1_72' title='bbox 779 1276 951 1342; x_wconf 79' lang='lat' dir='ltr'><strong>incitatrix</strong></span> <span class='ocrx_word' id='word_1_73' title='bbox 966 1277 1112 1343; x_wconf 85' lang='lat' dir='ltr'><strong>licentiae</strong></span> <span class='ocrx_word' id='word_1_74' title='bbox 1128 1283 1232 1354; x_wconf 81' lang='lat' dir='ltr'><strong>esset,</strong></span> 
     </span>
     <span class='ocr_line' id='line_1_11' title="bbox 130 1375 1232 1463; baseline 0 -19"><span class='ocrx_word' id='word_1_75' title='bbox 130 1380 191 1444; x_wconf 80' lang='lat' dir='ltr'><strong>aed</strong></span> <span class='ocrx_word' id='word_1_76' title='bbox 205 1376 346 1463; x_wconf 88' lang='lat' dir='ltr'><strong>pudoris</strong></span> <span class='ocrx_word' id='word_1_77' title='bbox 360 1381 521 1446; x_wconf 82' lang='lat' dir='ltr'><strong>ornatrix.</strong></span> <span class='ocrx_word' id='word_1_78' title='bbox 564 1381 598 1445; x_wconf 81' lang='lat'><strong>2.</strong></span> <span class='ocrx_word' id='word_1_79' title='bbox 622 1378 708 1458; x_wconf 84' lang='lat' dir='ltr'><strong>Quae</strong></span> <span class='ocrx_word' id='word_1_80' title='bbox 723 1381 796 1445; x_wconf 87' lang='lat' dir='ltr'><strong>sine</strong></span> <span class='ocrx_word' id='word_1_81' title='bbox 815 1375 919 1443; x_wconf 91' lang='lat' dir='ltr'><strong>dnbio</strong></span> <span class='ocrx_word' id='word_1_82' title='bbox 941 1396 1076 1460; x_wconf 81' lang='lat' dir='ltr'><strong>magna,</strong></span> <span class='ocrx_word' id='word_1_83' title='bbox 1092 1397 1156 1442; x_wconf 86' lang='lat' dir='ltr'><strong>sen</strong></span> <span class='ocrx_word' id='word_1_84' title='bbox 1172 1398 1232 1463; x_wconf 86' lang='lat' dir='ltr'><strong>po-</strong></span> 
     </span>
     <span class='ocr_line' id='line_1_12' title="bbox 131 1480 1232 1566; baseline -0.002 -18"><span class='ocrx_word' id='word_1_85' title='bbox 131 1482 201 1548; x_wconf 87' lang='lat' dir='ltr'><strong>tins</strong></span> <span class='ocrx_word' id='word_1_86' title='bbox 215 1482 331 1547; x_wconf 83' lang='lat' dir='ltr'><strong>divina</strong></span> <span class='ocrx_word' id='word_1_87' title='bbox 349 1481 514 1559; x_wconf 88' lang='lat' dir='ltr'><strong>laudatio,</strong></span> <span class='ocrx_word' id='word_1_88' title='bbox 530 1500 625 1566; x_wconf 86' lang='lat' dir='ltr'><strong>saepe</strong></span> <span class='ocrx_word' id='word_1_89' title='bbox 641 1483 674 1545; x_wconf 92' lang='lat' dir='ltr'><strong>in</strong></span> <span class='ocrx_word' id='word_1_90' title='bbox 691 1482 780 1566; x_wconf 89' lang='lat' dir='ltr'><strong>ipsis</strong></span> <span class='ocrx_word' id='word_1_91' title='bbox 802 1481 904 1547; x_wconf 87' lang='lat' dir='ltr'><strong>etiam</strong></span> <span class='ocrx_word' id='word_1_92' title='bbox 920 1480 1149 1564; x_wconf 88' lang='lat' dir='ltr'><strong>pbilosophis,</strong></span> <span class='ocrx_word' id='word_1_93' title='bbox 1165 1501 1232 1546; x_wconf 92' lang='lat' dir='ltr'><strong>non</strong></span> 
     </span>
     <span class='ocr_line' id='line_1_13' title="bbox 128 1583 1232 1668; baseline 0 -20"><span class='ocrx_word' id='word_1_94' title='bbox 128 1589 197 1649; x_wconf 88' lang='lat' dir='ltr'><strong>tam</strong></span> <span class='ocrx_word' id='word_1_95' title='bbox 219 1603 256 1648; x_wconf 88' lang='lat' dir='ltr'><strong>re</strong></span> <span class='ocrx_word' id='word_1_96' title='bbox 278 1583 439 1662; x_wconf 82' lang='lat' dir='ltr'><strong>exhibita,</strong></span> <span class='ocrx_word' id='word_1_97' title='bbox 464 1603 568 1667; x_wconf 86' lang='lat' dir='ltr'><strong>qnam</strong></span> <span class='ocrx_word' id='word_1_98' title='bbox 593 1584 821 1668; x_wconf 85' lang='lat' dir='ltr'><strong>disputatione</strong></span> <span class='ocrx_word' id='word_1_99' title='bbox 836 1583 968 1667; x_wconf 84' lang='lat' dir='ltr'><strong>jactata</strong></span> <span class='ocrx_word' id='word_1_100' title='bbox 993 1591 1058 1648; x_wconf 88' lang='lat' dir='ltr'><strong>est.</strong></span> <span class='ocrx_word' id='word_1_101' title='bbox 1103 1585 1138 1649; x_wconf 74' lang='grc'><strong>3.</strong></span> <span class='ocrx_word' id='word_1_102' title='bbox 1161 1583 1232 1650; x_wconf 83' lang='lat' dir='ltr'><strong>Sed</strong></span> 
     </span>
     <span class='ocr_line' id='line_1_14' title="bbox 127 1685 1232 1771; baseline 0 -21"><span class='ocrx_word' id='word_1_103' title='bbox 127 1687 336 1752; x_wconf 87' lang='lat' dir='ltr'><strong>remittamus</strong></span> <span class='ocrx_word' id='word_1_104' title='bbox 350 1685 417 1751; x_wconf 91' lang='lat' dir='ltr'><strong>hoc</strong></span> <span class='ocrx_word' id='word_1_105' title='bbox 439 1685 592 1771; x_wconf 85' lang='lat' dir='ltr'><strong>Principi</strong></span> <span class='ocrx_word' id='word_1_106' title='bbox 615 1694 742 1765; x_wconf 85' lang='lat' dir='ltr'><strong>nostro,</strong></span> <span class='ocrx_word' id='word_1_107' title='bbox 758 1688 817 1771; x_wconf 87' lang='lat' dir='ltr'><strong>qui</strong></span> <span class='ocrx_word' id='word_1_108' title='bbox 839 1687 888 1750; x_wconf 90' lang='lat' dir='ltr'><strong>ita</strong></span> <span class='ocrx_word' id='word_1_109' title='bbox 912 1685 1168 1769; x_wconf 87' lang='lat' dir='ltr'><strong>temperantiam</strong></span> <span class='ocrx_word' id='word_1_110' title='bbox 1183 1685 1232 1750; x_wconf 92' lang='lat' dir='ltr'><strong>in·</strong></span> 
     </span>
     <span class='ocr_line' id='line_1_15' title="bbox 130 1786 1231 1874; baseline -0.003 -20"><span class='ocrx_word' id='word_1_111' title='bbox 130 1806 288 1874; x_wconf 78' lang='lat' dir='ltr'><strong>generem</strong></span> <span class='ocrx_word' id='word_1_112' title='bbox 303 1789 459 1854; x_wconf 87' lang='lat' dir='ltr'><strong>omnibns</strong></span> <span class='ocrx_word' id='word_1_113' title='bbox 474 1789 579 1872; x_wconf 90' lang='lat' dir='ltr'><strong>cnpit,</strong></span> <span class='ocrx_word' id='word_1_114' title='bbox 594 1796 634 1853; x_wconf 93' lang='lat' dir='ltr'><strong>nt</strong></span> <span class='ocrx_word' id='word_1_115' title='bbox 656 1806 731 1853; x_wconf 88' lang='lat' dir='ltr'><strong>eam</strong></span> <span class='ocrx_word' id='word_1_116' title='bbox 754 1805 821 1853; x_wconf 89' lang='lat' dir='ltr'><strong>non</strong></span> <span class='ocrx_word' id='word_1_117' title='bbox 847 1788 891 1852; x_wconf 93' lang='lat' dir='ltr'><strong>ad</strong></span> <span class='ocrx_word' id='word_1_118' title='bbox 915 1786 1072 1851; x_wconf 89' lang='lat' dir='ltr'><strong>virtutum</strong></span> <span class='ocrx_word' id='word_1_119' title='bbox 1094 1804 1231 1866; x_wconf 79' lang='lat' dir='ltr'><strong>suarum</strong></span> 
     </span>
     <span class='ocr_line' id='line_1_16' title="bbox 128 1887 1233 1975; baseline -0.003 -18"><span class='ocrx_word' id='word_1_120' title='bbox 128 1893 235 1958; x_wconf 88' lang='lat' dir='ltr'><strong>decus</strong></span> <span class='ocrx_word' id='word_1_121' title='bbox 250 1892 493 1968; x_wconf 82' lang='lat' dir='ltr'><strong>ascribendam,</strong></span> <span class='ocrx_word' id='word_1_122' title='bbox 510 1891 570 1957; x_wconf 91' lang='lat' dir='ltr'><strong>sed</strong></span> <span class='ocrx_word' id='word_1_123' title='bbox 588 1891 633 1956; x_wconf 90' lang='lat' dir='ltr'><strong>ad</strong></span> <span class='ocrx_word' id='word_1_124' title='bbox 648 1898 777 1956; x_wconf 83' lang='lat' dir='ltr'><strong>naturae</strong></span> <span class='ocrx_word' id='word_1_125' title='bbox 791 1890 901 1975; x_wconf 91' lang='lat' dir='ltr'><strong>ipsius</strong></span> <span class='ocrx_word' id='word_1_126' title='bbox 921 1888 1131 1954; x_wconf 86' lang='lat' dir='ltr'><strong>honestatem</strong></span> <span class='ocrx_word' id='word_1_127' title='bbox 1149 1887 1233 1954; x_wconf 80' lang='lat' dir='ltr'><strong>refe·</strong></span> 
     </span>
     <span class='ocr_line' id='line_1_17' title="bbox 128 1990 1232 2076; baseline -0.002 -16"><span class='ocrx_word' id='word_1_128' title='bbox 128 1996 268 2061; x_wconf 87' lang='lat' dir='ltr'><strong>rendam</strong></span> <span class='ocrx_word' id='word_1_129' title='bbox 281 1995 500 2061; x_wconf 75' lang='lat' dir='ltr'><strong>arbitremur.r</strong></span> <span class='ocrx_word' id='word_1_130' title='bbox 541 1996 575 2060; x_wconf 85' lang='grc'><strong>4.</strong></span> <span class='ocrx_word' id='word_1_131' title='bbox 599 1990 716 2073; x_wconf 78' lang='lat' dir='ltr'><strong>Quint</strong></span> <span class='ocrx_word' id='word_1_132' title='bbox 733 1993 851 2058; x_wconf 84' lang='lat' dir='ltr'><strong>faciles</strong></span> <span class='ocrx_word' id='word_1_133' title='bbox 862 1992 984 2070; x_wconf 87' lang='lat' dir='ltr'><strong>aditus,</strong></span> <span class='ocrx_word' id='word_1_134' title='bbox 997 1991 1106 2076; x_wconf 86' lang='lat' dir='ltr'><strong>quidl</strong></span> <span class='ocrx_word' id='word_1_135' title='bbox 1131 2011 1232 2058; x_wconf 85' lang='lat' dir='ltr'><strong>aures</strong></span> 
     </span>
    </p>
   </div>
   <div class='ocr_carea' id='block_1_3' title="bbox 130 2152 1233 2284">
    <p class='ocr_par' dir='ltr' id='par_1_4' title="bbox 130 2152 1233 2284">
     <span class='ocr_line' id='line_1_18' title="bbox 160 2152 1233 2222; baseline 0.009 -20"><span class='ocrx_word' id='word_1_136' title='bbox 160 2160 171 2187; x_wconf 87' lang='lat'><strong>·</strong></span> <span class='ocrx_word' id='word_1_137' title='bbox 187 2152 252 2210; x_wconf 82' lang='lat' dir='ltr'><strong>Quia</strong></span> <span class='ocrx_word' id='word_1_138' title='bbox 271 2168 317 2218; x_wconf 82' lang='lat' dir='ltr'><strong>par</strong></span> <span class='ocrx_word' id='word_1_139' title='bbox 336 2167 384 2204; x_wconf 81' lang='lat' dir='ltr'><strong>am</strong></span> <span class='ocrx_word' id='word_1_140' title='bbox 404 2158 442 2211; x_wconf 80' lang='lat' dir='ltr'><strong>eet</strong></span> <span class='ocrx_word' id='word_1_141' title='bbox 459 2154 536 2206; x_wconf 81' lang='lat' dir='ltr'><strong>aretia</strong></span> <span class='ocrx_word' id='word_1_142' title='bbox 551 2153 767 2218; x_wconf 63' lang='lat' dir='ltr'><strong>mammarii,</strong></span> <span class='ocrx_word' id='word_1_143' title='bbox 783 2166 836 2219; x_wconf 74' lang='lat' dir='ltr'><strong>pua</strong></span> <span class='ocrx_word' id='word_1_144' title='bbox 850 2157 935 2222; x_wconf 81' lang='lat' dir='ltr'><strong>popule</strong></span> <span class='ocrx_word' id='word_1_145' title='bbox 955 2153 1080 2213; x_wconf 83' lang='lat' dir='ltr'><strong>attribuit,</strong></span> <span class='ocrx_word' id='word_1_146' title='bbox 1104 2153 1233 2220; x_wconf 55' lang='lat' dir='ltr'><strong>implebe</strong></span> 
     </span>
     <span class='ocr_line' id='line_1_19' title="bbox 130 2219 1219 2284; baseline 0.006 -15"><span class='ocrx_word' id='word_1_147' title='bbox 130 2219 654 2284; x_wconf 63' lang='lat' dir='ltr'><strong>mecmeaeeeelueeaeter,ee.</strong></span> <span class='ocrx_word' id='word_1_148' title='bbox 1199 2228 1219 2249; x_wconf 74' lang='lat'><strong>·&#39;</strong></span> 
     </span>
    </p>
   </div>
   <div class='ocr_carea' id='block_1_4' title="bbox 588 2343 768 2370">
    <p class='ocr_par' dir='ltr' id='par_1_5' title="bbox 588 2343 768 2370">
     <span class='ocr_line' id='line_1_20' title="bbox 588 2343 768 2370; baseline 0 0"><span class='ocrx_word' id='word_1_149' title='bbox 588 2343 768 2370; x_wconf 62' lang='lat' dir='ltr'><strong>cumeum</strong></span> 
     </span>
    </p>
   </div>
   <div class='ocr_carea' id='block_1_5' title="bbox 122 2427 1234 3670">
    <p class='ocr_par' dir='ltr' id='par_1_6' title="bbox 122 2427 1234 3341">
     <span class='ocr_line' id='line_1_21' title="bbox 128 2427 1231 2494; baseline 0.001 -14"><span class='ocrx_word' id='word_1_150' title='bbox 128 2442 179 2492; x_wconf 85' lang='lat' dir='ltr'><strong>aru,</strong></span> <span class='ocrx_word' id='word_1_151' title='bbox 190 2431 258 2493; x_wconf 78' lang='lat' dir='ltr'><strong>qnod</strong></span> <span class='ocrx_word' id='word_1_152' title='bbox 272 2429 402 2480; x_wconf 78' lang='lat' dir='ltr'><strong>revocarit</strong></span> <span class='ocrx_word' id='word_1_153' title='bbox 414 2429 504 2482; x_wconf 71' lang='lat' dir='ltr'><strong>Arate</strong></span> <span class='ocrx_word' id='word_1_154' title='bbox 515 2430 588 2491; x_wconf 83' lang='lat' dir='ltr'><strong>faeta</strong></span> <span class='ocrx_word' id='word_1_155' title='bbox 659 2432 729 2484; x_wconf 87' lang='lat' dir='ltr'><strong>ieiter</strong></span> <span class='ocrx_word' id='word_1_156' title='bbox 737 2429 842 2482; x_wconf 85' lang='lat' dir='ltr'><strong>Puteal.</strong></span> <span class='ocrx_word' id='word_1_157' title='bbox 857 2427 939 2481; x_wconf 84' lang='lat' dir='ltr'><strong>Rhea.</strong></span> <span class='ocrx_word' id='word_1_158' title='bbox 950 2429 986 2482; x_wconf 80' lang='lat' dir='ltr'><strong>n.</strong></span> <span class='ocrx_word' id='word_1_159' title='bbox 997 2429 1090 2494; x_wconf 85' lang='lat' dir='ltr'><strong>Stepb.</strong></span> <span class='ocrx_word' id='word_1_160' title='bbox 1102 2436 1130 2480; x_wconf 90' lang='lat' dir='ltr'><strong>et</strong></span> <span class='ocrx_word' id='word_1_161' title='bbox 1142 2428 1231 2481; x_wconf 83' lang='lat' dir='ltr'><strong>ltlvin.</strong></span> 
     </span>
     <span class='ocr_line' id='line_1_22' title="bbox 122 2493 1230 2564; baseline 0.003 -21"><span class='ocrx_word' id='word_1_162' title='bbox 122 2494 194 2556; x_wconf 78' lang='lat' dir='ltr'><strong>facta</strong></span> <span class='ocrx_word' id='word_1_163' title='bbox 210 2495 298 2559; x_wconf 81' lang='lat' dir='ltr'><strong>publice</strong></span> <span class='ocrx_word' id='word_1_164' title='bbox 312 2496 395 2546; x_wconf 86' lang='lat' dir='ltr'><strong>Lirin.</strong></span> <span class='ocrx_word' id='word_1_165' title='bbox 404 2506 430 2546; x_wconf 89' lang='lat' dir='ltr'><strong>et</strong></span> <span class='ocrx_word' id='word_1_166' title='bbox 441 2498 472 2547; x_wconf 90' lang='lat' dir='ltr'><strong>P.</strong></span> <span class='ocrx_word' id='word_1_167' title='bbox 483 2495 575 2562; x_wconf 79' lang='lat' dir='ltr'><strong>Stepb.</strong></span> <span class='ocrx_word' id='word_1_168' title='bbox 603 2503 658 2548; x_wconf 85' lang='lat' dir='ltr'><strong>ueta</strong></span> <span class='ocrx_word' id='word_1_169' title='bbox 666 2497 793 2564; x_wconf 78' lang='lat' dir='ltr'><strong>publicitus</strong></span> <span class='ocrx_word' id='word_1_170' title='bbox 801 2498 861 2546; x_wconf 79' lang='lat' dir='ltr'><strong>vet.</strong></span> <span class='ocrx_word' id='word_1_171' title='bbox 871 2496 1054 2548; x_wconf 73' lang='lat' dir='ltr'><strong>Pareamvm.</strong></span> <span class='ocrx_word' id='word_1_172' title='bbox 1067 2493 1153 2546; x_wconf 76' lang='lat' dir='ltr'><strong>Lirin.</strong></span> <span class='ocrx_word' id='word_1_173' title='bbox 1166 2496 1230 2546; x_wconf 87' lang='lat' dir='ltr'><strong>Ber·</strong></span> 
     </span>
     <span class='ocr_line' id='line_1_23' title="bbox 128 2560 1232 2675; baseline 0.001 -65"><span class='ocrx_word' id='word_1_174' title='bbox 128 2561 177 2612; x_wconf 85' lang='lat' dir='ltr'><strong>tin.</strong></span> <span class='ocrx_word' id='word_1_175' title='bbox 187 2560 253 2610; x_wconf 78' lang='lat' dir='ltr'><strong>Erc.</strong></span> <span class='ocrx_word' id='word_1_176' title='bbox 265 2562 344 2626; x_wconf 75' lang='lat' dir='ltr'><strong>Lang.</strong></span> <span class='ocrx_word' id='word_1_177' title='bbox 354 2561 418 2612; x_wconf 85' lang='lat' dir='ltr'><strong>Exc.</strong></span> <span class='ocrx_word' id='word_1_178' title='bbox 427 2562 570 2612; x_wconf 86' lang='lat' dir='ltr'><strong>Schonbov.</strong></span> <span class='ocrx_word' id='word_1_179' title='bbox 580 2562 695 2626; x_wconf 84' lang='lat' dir='ltr'><strong>Gnelph.</strong></span> <span class='ocrx_word' id='word_1_180' title='bbox 706 2565 812 2626; x_wconf 84' lang='lat' dir='ltr'><strong>Cuspio.</strong></span> <span class='ocrx_word' id='word_1_181' title='bbox 820 2563 897 2612; x_wconf 82' lang='lat' dir='ltr'><strong>(irat.</strong></span> <span class='ocrx_word' id='word_1_182' title='bbox 905 2571 932 2611; x_wconf 90' lang='lat' dir='ltr'><strong>et</strong></span> <span class='ocrx_word' id='word_1_183' title='bbox 939 2568 1049 2611; x_wconf 76' lang='lat' dir='ltr'><strong>recenti.</strong></span> <span class='ocrx_word' id='word_1_184' title='bbox 1059 2562 1232 2675; x_wconf 56' lang='lat' dir='ltr'><strong>quaalpuamer&#39;</strong></span> 
     </span>
     <span class='ocr_line' id='line_1_24' title="bbox 127 2626 1231 2692; baseline 0.002 -18"><span class='ocrx_word' id='word_1_185' title='bbox 127 2626 230 2687; x_wconf 71' lang='lat' dir='ltr'><strong>mapalia</strong></span> <span class='ocrx_word' id='word_1_186' title='bbox 250 2626 366 2676; x_wconf 82' lang='lat' dir='ltr'><strong>Rhenen.</strong></span> <span class='ocrx_word' id='word_1_187' title='bbox 384 2627 475 2692; x_wconf 86' lang='lat' dir='ltr'><strong>Stepb.</strong></span> <span class='ocrx_word' id='word_1_188' title='bbox 492 2629 576 2678; x_wconf 88' lang='lat' dir='ltr'><strong>Lirin.</strong></span> <span class='ocrx_word' id='word_1_189' title='bbox 598 2628 684 2678; x_wconf 84' lang='lat' dir='ltr'><strong>Ririn.</strong></span> <span class='ocrx_word' id='word_1_190' title='bbox 707 2641 847 2692; x_wconf 71' lang='lat' dir='ltr'><strong>quanquam</strong></span> <span class='ocrx_word' id='word_1_191' title='bbox 862 2643 915 2677; x_wconf 85' lang='lat' dir='ltr'><strong>cum</strong></span> <span class='ocrx_word' id='word_1_192' title='bbox 931 2643 972 2688; x_wconf 75' lang='lat' dir='ltr'><strong>eu,</strong></span> <span class='ocrx_word' id='word_1_193' title='bbox 988 2627 1101 2692; x_wconf 60' lang='lat' dir='ltr'><strong>buvet.</strong></span> <span class='ocrx_word' id='word_1_194' title='bbox 1142 2633 1231 2676; x_wconf 79' lang='lat' dir='ltr'><strong>uteru.</strong></span> 
     </span>
     <span class='ocr_line' id='line_1_25' title="bbox 127 2688 1231 2756; baseline -0.003 -13"><span class='ocrx_word' id='word_1_195' title='bbox 127 2691 190 2743; x_wconf 78' lang='lat' dir='ltr'><strong>Vel.</strong></span> <span class='ocrx_word' id='word_1_196' title='bbox 203 2690 286 2742; x_wconf 82' lang='lat' dir='ltr'><strong>Lirln.</strong></span> <span class='ocrx_word' id='word_1_197' title='bbox 298 2692 384 2742; x_wconf 83' lang='lat' dir='ltr'><strong>Moerl.</strong></span> <span class='ocrx_word' id='word_1_198' title='bbox 394 2693 506 2755; x_wconf 86' lang='lat' dir='ltr'><strong>Guclph·</strong></span> <span class='ocrx_word' id='word_1_199' title='bbox 517 2694 595 2744; x_wconf 85' lang='lat' dir='ltr'><strong>Grnt.</strong></span> <span class='ocrx_word' id='word_1_200' title='bbox 606 2702 633 2744; x_wconf 89' lang='lat' dir='ltr'><strong>et</strong></span> <span class='ocrx_word' id='word_1_201' title='bbox 650 2701 762 2743; x_wconf 77' lang='lat' dir='ltr'><strong>recenti.</strong></span> <span class='ocrx_word' id='word_1_202' title='bbox 779 2695 828 2742; x_wconf 78' lang='lat' dir='ltr'><strong>aiat</strong></span> <span class='ocrx_word' id='word_1_203' title='bbox 842 2697 969 2756; x_wconf 77' lang='lat' dir='ltr'><strong>augmenta</strong></span> <span class='ocrx_word' id='word_1_204' title='bbox 983 2692 1042 2755; x_wconf 83' lang='lat' dir='ltr'><strong>reip.</strong></span> <span class='ocrx_word' id='word_1_205' title='bbox 1054 2691 1174 2742; x_wconf 77' lang='lat' dir='ltr'><strong>libonem</strong></span> <span class='ocrx_word' id='word_1_206' title='bbox 1187 2688 1231 2742; x_wconf 80' lang='lat' dir='ltr'><strong>Ri-</strong></span> 
     </span>
     <span class='ocr_line' id='line_1_26' title="bbox 128 2754 1234 2821; baseline 0 -18"><span class='ocrx_word' id='word_1_207' title='bbox 128 2755 180 2806; x_wconf 80' lang='lat' dir='ltr'><strong>vin.</strong></span> <span class='ocrx_word' id='word_1_208' title='bbox 194 2760 218 2806; x_wconf 90' lang='lat'><strong>1.</strong></span> <span class='ocrx_word' id='word_1_209' title='bbox 234 2759 283 2808; x_wconf 82' lang='lat' dir='ltr'><strong>etat</strong></span> <span class='ocrx_word' id='word_1_210' title='bbox 298 2766 442 2820; x_wconf 75' lang='lat' dir='ltr'><strong>augumaaa</strong></span> <span class='ocrx_word' id='word_1_211' title='bbox 456 2759 516 2821; x_wconf 85' lang='lat' dir='ltr'><strong>reip.</strong></span> <span class='ocrx_word' id='word_1_212' title='bbox 528 2759 631 2808; x_wconf 81' lang='lat' dir='ltr'><strong>Puteal.</strong></span> <span class='ocrx_word' id='word_1_213' title='bbox 643 2759 727 2808; x_wconf 84' lang='lat' dir='ltr'><strong>Livio.</strong></span> <span class='ocrx_word' id='word_1_214' title='bbox 741 2758 773 2807; x_wconf 85' lang='lat' dir='ltr'><strong>P.</strong></span> <span class='ocrx_word' id='word_1_215' title='bbox 788 2757 877 2820; x_wconf 85' lang='lat' dir='ltr'><strong>Stepb.</strong></span> <span class='ocrx_word' id='word_1_216' title='bbox 892 2758 925 2807; x_wconf 82' lang='lat' dir='ltr'><strong>eit</strong></span> <span class='ocrx_word' id='word_1_217' title='bbox 935 2762 1089 2820; x_wconf 77' lang='lat' dir='ltr'><strong>augmentata</strong></span> <span class='ocrx_word' id='word_1_218' title='bbox 1099 2770 1163 2821; x_wconf 77' lang='lat' dir='ltr'><strong>resp.</strong></span> <span class='ocrx_word' id='word_1_219' title='bbox 1174 2754 1234 2806; x_wconf 79' lang='lat' dir='ltr'><strong>Vct.</strong></span> 
     </span>
     <span class='ocr_line' id='line_1_27' title="bbox 129 2818 1232 2887; baseline -0.001 -16"><span class='ocrx_word' id='word_1_220' title='bbox 129 2818 217 2871; x_wconf 79' lang='lat' dir='ltr'><strong>Lirin.</strong></span> <span class='ocrx_word' id='word_1_221' title='bbox 229 2823 314 2874; x_wconf 77' lang='lat' dir='ltr'><strong>Rivis.</strong></span> <span class='ocrx_word' id='word_1_222' title='bbox 322 2828 347 2874; x_wconf 78' lang='lat'><strong>2.</strong></span> <span class='ocrx_word' id='word_1_223' title='bbox 356 2825 389 2873; x_wconf 85' lang='lat' dir='ltr'><strong>sit</strong></span> <span class='ocrx_word' id='word_1_224' title='bbox 398 2829 563 2885; x_wconf 76' lang='lat' dir='ltr'><strong>coagmentata</strong></span> <span class='ocrx_word' id='word_1_225' title='bbox 573 2839 636 2887; x_wconf 79' lang='lat' dir='ltr'><strong>resp.</strong></span> <span class='ocrx_word' id='word_1_226' title='bbox 653 2824 754 2874; x_wconf 78' lang='lat' dir='ltr'><strong>Berlin.</strong></span> <span class='ocrx_word' id='word_1_227' title='bbox 765 2824 828 2873; x_wconf 79' lang='lat' dir='ltr'><strong>Ero.</strong></span> <span class='ocrx_word' id='word_1_228' title='bbox 841 2824 922 2886; x_wconf 75' lang='lat' dir='ltr'><strong>Lang.</strong></span> <span class='ocrx_word' id='word_1_229' title='bbox 933 2822 1043 2885; x_wconf 79' lang='lat' dir='ltr'><strong>cuspin.</strong></span> <span class='ocrx_word' id='word_1_230' title='bbox 1055 2821 1122 2871; x_wconf 77' lang='lat' dir='ltr'><strong>Ere.</strong></span> <span class='ocrx_word' id='word_1_231' title='bbox 1134 2821 1232 2871; x_wconf 79' lang='lat' dir='ltr'><strong>Sciron·</strong></span> 
     </span>
     <span class='ocr_line' id='line_1_28' title="bbox 127 2884 1232 2951; baseline 0.001 -16"><span class='ocrx_word' id='word_1_232' title='bbox 127 2887 187 2936; x_wconf 80' lang='lat' dir='ltr'><strong>hor.</strong></span> <span class='ocrx_word' id='word_1_233' title='bbox 199 2887 285 2938; x_wconf 86' lang='lat' dir='ltr'><strong>Moerl.</strong></span> <span class='ocrx_word' id='word_1_234' title='bbox 296 2888 372 2939; x_wconf 87' lang='lat' dir='ltr'><strong>Grnt.</strong></span> <span class='ocrx_word' id='word_1_235' title='bbox 383 2898 409 2938; x_wconf 88' lang='lat' dir='ltr'><strong>et</strong></span> <span class='ocrx_word' id='word_1_236' title='bbox 422 2898 532 2940; x_wconf 77' lang='lat' dir='ltr'><strong>recenti.</strong></span> <span class='ocrx_word' id='word_1_237' title='bbox 548 2894 713 2950; x_wconf 77' lang='lat' dir='ltr'><strong>argumentata</strong></span> <span class='ocrx_word' id='word_1_238' title='bbox 725 2887 838 2951; x_wconf 84' lang='lat' dir='ltr'><strong>Gaelpb.</strong></span> <span class='ocrx_word' id='word_1_239' title='bbox 853 2887 990 2948; x_wconf 79' lang='lat' dir='ltr'><strong>conferatur</strong></span> <span class='ocrx_word' id='word_1_240' title='bbox 1002 2887 1090 2936; x_wconf 75' lang='lat' dir='ltr'><strong>Lirim</strong></span> <span class='ocrx_word' id='word_1_241' title='bbox 1096 2884 1130 2936; x_wconf 89' lang='lat' dir='ltr'><strong>P.</strong></span> <span class='ocrx_word' id='word_1_242' title='bbox 1138 2887 1232 2949; x_wconf 87' lang='lat' dir='ltr'><strong>Stepb.</strong></span> 
     </span>
     <span class='ocr_line' id='line_1_29' title="bbox 128 2949 1232 3016; baseline -0.001 -14"><span class='ocrx_word' id='word_1_243' title='bbox 128 2949 216 3002; x_wconf 80' lang='lat' dir='ltr'><strong>Riuln.</strong></span> <span class='ocrx_word' id='word_1_244' title='bbox 229 2957 252 3002; x_wconf 93' lang='lat'><strong>1.</strong></span> <span class='ocrx_word' id='word_1_245' title='bbox 269 2951 390 3013; x_wconf 78' lang='lat' dir='ltr'><strong>confertur</strong></span> <span class='ocrx_word' id='word_1_246' title='bbox 401 2954 514 3016; x_wconf 79' lang='lat' dir='ltr'><strong>Guelpb.</strong></span> <span class='ocrx_word' id='word_1_247' title='bbox 526 2955 612 3004; x_wconf 79' lang='lat' dir='ltr'><strong>Moeri.</strong></span> <span class='ocrx_word' id='word_1_248' title='bbox 629 2955 695 3004; x_wconf 83' lang='lat' dir='ltr'><strong>Exc.</strong></span> <span class='ocrx_word' id='word_1_249' title='bbox 713 2954 858 3003; x_wconf 82' lang='lat' dir='ltr'><strong>Scitanlnov.</strong></span> <span class='ocrx_word' id='word_1_250' title='bbox 876 2953 937 3002; x_wconf 85' lang='lat' dir='ltr'><strong>Ver.</strong></span> <span class='ocrx_word' id='word_1_251' title='bbox 949 2954 1060 3003; x_wconf 79' lang='lat' dir='ltr'><strong>Peteon.</strong></span> <span class='ocrx_word' id='word_1_252' title='bbox 1072 2950 1135 3002; x_wconf 85' lang='lat' dir='ltr'><strong>Vet.</strong></span> <span class='ocrx_word' id='word_1_253' title='bbox 1147 2951 1232 3001; x_wconf 80' lang='lat' dir='ltr'><strong>Lirin.</strong></span> 
     </span>
     <span class='ocr_line' id='line_1_30' title="bbox 128 3016 1231 3084; baseline 0.002 -19"><span class='ocrx_word' id='word_1_254' title='bbox 128 3016 234 3066; x_wconf 84' lang='lat' dir='ltr'><strong>Puteal.</strong></span> <span class='ocrx_word' id='word_1_255' title='bbox 245 3018 352 3082; x_wconf 77' lang='lat' dir='ltr'><strong>Ctrepln.</strong></span> <span class='ocrx_word' id='word_1_256' title='bbox 365 3019 448 3069; x_wconf 87' lang='lat' dir='ltr'><strong>Rhea.</strong></span> <span class='ocrx_word' id='word_1_257' title='bbox 460 3018 536 3068; x_wconf 80' lang='lat' dir='ltr'><strong>Grat.</strong></span> <span class='ocrx_word' id='word_1_258' title='bbox 553 3018 648 3084; x_wconf 86' lang='lat' dir='ltr'><strong>aliique</strong></span> <span class='ocrx_word' id='word_1_259' title='bbox 664 3035 761 3070; x_wconf 75' lang='lat' dir='ltr'><strong>omnes.</strong></span> <span class='ocrx_word' id='word_1_260' title='bbox 796 3019 900 3068; x_wconf 87' lang='lat' dir='ltr'><strong>Puteal.</strong></span> <span class='ocrx_word' id='word_1_261' title='bbox 912 3017 1030 3068; x_wconf 83' lang='lat' dir='ltr'><strong>Rhenan.</strong></span> <span class='ocrx_word' id='word_1_262' title='bbox 1041 3017 1135 3080; x_wconf 88' lang='lat' dir='ltr'><strong>Stepb.</strong></span> <span class='ocrx_word' id='word_1_263' title='bbox 1146 3016 1231 3067; x_wconf 79' lang='lat' dir='ltr'><strong>Lirin.</strong></span> 
     </span>
     <span class='ocr_line' id='line_1_31' title="bbox 127 3077 1233 3148; baseline 0.003 -18"><span class='ocrx_word' id='word_1_264' title='bbox 127 3077 279 3133; x_wconf 74' lang='lat' dir='ltr'><strong>niviano.</strong></span> <span class='ocrx_word' id='word_1_265' title='bbox 292 3085 350 3133; x_wconf 81' lang='lat' dir='ltr'><strong>aliae</strong></span> <span class='ocrx_word' id='word_1_266' title='bbox 363 3092 426 3134; x_wconf 83' lang='lat' dir='ltr'><strong>vett.</strong></span> <span class='ocrx_word' id='word_1_267' title='bbox 443 3084 471 3133; x_wconf 86' lang='lat' dir='ltr'><strong>id</strong></span> <span class='ocrx_word' id='word_1_268' title='bbox 480 3098 563 3141; x_wconf 76' lang='lat' dir='ltr'><strong>amue5</strong></span> <span class='ocrx_word' id='word_1_269' title='bbox 580 3083 681 3134; x_wconf 80' lang='lat' dir='ltr'><strong>Acidnl.</strong></span> <span class='ocrx_word' id='word_1_270' title='bbox 693 3085 762 3148; x_wconf 87' lang='lat' dir='ltr'><strong>conj.</strong></span> <span class='ocrx_word' id='word_1_271' title='bbox 778 3082 803 3132; x_wconf 85' lang='lat' dir='ltr'><strong>ia</strong></span> <span class='ocrx_word' id='word_1_272' title='bbox 814 3098 893 3133; x_wconf 80' lang='lat' dir='ltr'><strong>omues</strong></span> <span class='ocrx_word' id='word_1_273' title='bbox 901 3098 910 3141; x_wconf 93' lang='lat'><strong>,·</strong></span> <span class='ocrx_word' id='word_1_274' title='bbox 926 3083 987 3131; x_wconf 73' lang='lat' dir='ltr'><strong>va.</strong></span> <span class='ocrx_word' id='word_1_275' title='bbox 997 3084 1111 3133; x_wconf 84' lang='lat' dir='ltr'><strong>Putean.</strong></span> <span class='ocrx_word' id='word_1_276' title='bbox 1120 3081 1233 3143; x_wconf 74' lang='lat' dir='ltr'><strong>Guetpt.</strong></span> 
     </span>
     <span class='ocr_line' id='line_1_32' title="bbox 127 3145 1231 3213; baseline 0.005 -20"><span class='ocrx_word' id='word_1_277' title='bbox 127 3145 189 3195; x_wconf 79' lang='lat' dir='ltr'><strong>vet.</strong></span> <span class='ocrx_word' id='word_1_278' title='bbox 203 3148 285 3198; x_wconf 83' lang='lat' dir='ltr'><strong>Lirin.</strong></span> <span class='ocrx_word' id='word_1_279' title='bbox 298 3149 399 3198; x_wconf 81' lang='lat' dir='ltr'><strong>Berlin.</strong></span> <span class='ocrx_word' id='word_1_280' title='bbox 411 3151 477 3200; x_wconf 84' lang='lat' dir='ltr'><strong>Exc.</strong></span> <span class='ocrx_word' id='word_1_281' title='bbox 489 3150 573 3213; x_wconf 59' lang='lat' dir='ltr'><strong>Lana.</strong></span> <span class='ocrx_word' id='word_1_282' title='bbox 584 3149 671 3199; x_wconf 87' lang='lat' dir='ltr'><strong>Moerl.</strong></span> <span class='ocrx_word' id='word_1_283' title='bbox 683 3148 805 3199; x_wconf 84' lang='lat' dir='ltr'><strong>Frauoof.</strong></span> <span class='ocrx_word' id='word_1_284' title='bbox 817 3148 989 3205; x_wconf 81' lang='lat' dir='ltr'><strong>Parisieneea,</strong></span> <span class='ocrx_word' id='word_1_285' title='bbox 1003 3145 1122 3197; x_wconf 82' lang='lat' dir='ltr'><strong>Patarol.</strong></span> <span class='ocrx_word' id='word_1_286' title='bbox 1133 3148 1231 3198; x_wconf 79' lang='lat' dir='ltr'><strong>cellar.</strong></span> 
     </span>
     <span class='ocr_line' id='line_1_33' title="bbox 126 3211 1232 3279; baseline -0.001 -17"><span class='ocrx_word' id='word_1_287' title='bbox 126 3211 205 3262; x_wconf 73' lang='lat' dir='ltr'><strong>(irat.</strong></span> <span class='ocrx_word' id='word_1_288' title='bbox 217 3214 300 3263; x_wconf 86' lang='lat' dir='ltr'><strong>Banu.</strong></span> <span class='ocrx_word' id='word_1_289' title='bbox 311 3214 409 3277; x_wconf 74' lang='lat' dir='ltr'><strong>Jaeger.</strong></span> <span class='ocrx_word' id='word_1_290' title='bbox 426 3216 458 3264; x_wconf 88' lang='lat' dir='ltr'><strong>nd</strong></span> <span class='ocrx_word' id='word_1_291' title='bbox 468 3229 555 3264; x_wconf 75' lang='lat' dir='ltr'><strong>amam.</strong></span> <span class='ocrx_word' id='word_1_292' title='bbox 588 3214 657 3264; x_wconf 85' lang='lat' dir='ltr'><strong>Edd.</strong></span> <span class='ocrx_word' id='word_1_293' title='bbox 669 3224 733 3266; x_wconf 83' lang='lat' dir='ltr'><strong>vett.</strong></span> <span class='ocrx_word' id='word_1_294' title='bbox 749 3217 900 3279; x_wconf 75' lang='lat' dir='ltr'><strong>proportione</strong></span> <span class='ocrx_word' id='word_1_295' title='bbox 909 3217 1044 3278; x_wconf 83' lang='lat' dir='ltr'><strong>permanat.</strong></span> <span class='ocrx_word' id='word_1_296' title='bbox 1073 3212 1144 3262; x_wconf 83' lang='lat' dir='ltr'><strong>Vide</strong></span> <span class='ocrx_word' id='word_1_297' title='bbox 1155 3214 1232 3265; x_wconf 88' lang='lat' dir='ltr'><strong>Nott.</strong></span> 
     </span>
     <span class='ocr_line' id='line_1_34' title="bbox 126 3276 593 3341; baseline 0.006 -15"><span class='ocrx_word' id='word_1_298' title='bbox 126 3276 204 3334; x_wconf 83' lang='lat' dir='ltr'><strong>Varr.</strong></span> <span class='ocrx_word' id='word_1_299' title='bbox 220 3279 347 3341; x_wconf 72' lang='lat' dir='ltr'><strong>sigillatim</strong></span> <span class='ocrx_word' id='word_1_300' title='bbox 359 3279 419 3329; x_wconf 86' lang='lat' dir='ltr'><strong>edd.</strong></span> <span class='ocrx_word' id='word_1_301' title='bbox 432 3277 593 3329; x_wconf 80' lang='lat' dir='ltr'><strong>antcArnte.</strong></span> 
     </span>
    </p>

    <p class='ocr_par' dir='ltr' id='par_1_7' title="bbox 126 3341 1232 3670">
     <span class='ocr_line' id='line_1_35' title="bbox 162 3341 1232 3407; baseline 0.003 -16"><span class='ocrx_word' id='word_1_302' title='bbox 162 3343 229 3392; x_wconf 77' lang='lat' dir='ltr'><strong>Can.</strong></span> <span class='ocrx_word' id='word_1_303' title='bbox 240 3357 340 3393; x_wconf 74' lang='lat' dir='ltr'><strong>xxxiv.</strong></span> <span class='ocrx_word' id='word_1_304' title='bbox 368 3351 380 3394; x_wconf 94' lang='lat' dir='ltr'><strong>l</strong></span> <span class='ocrx_word' id='word_1_305' title='bbox 394 3346 448 3396; x_wconf 88' lang='lat' dir='ltr'><strong>Pro</strong></span> <span class='ocrx_word' id='word_1_306' title='bbox 459 3345 578 3405; x_wconf 81' lang='lat' dir='ltr'><strong>ornatrix,</strong></span> <span class='ocrx_word' id='word_1_307' title='bbox 589 3343 693 3395; x_wconf 87' lang='lat' dir='ltr'><strong>Acidal.</strong></span> <span class='ocrx_word' id='word_1_308' title='bbox 705 3344 772 3406; x_wconf 86' lang='lat' dir='ltr'><strong>conj.</strong></span> <span class='ocrx_word' id='word_1_309' title='bbox 783 3341 963 3392; x_wconf 59' lang='lat' dir='ltr'><strong>taram-2</strong></span> <span class='ocrx_word' id='word_1_310' title='bbox 974 3341 1056 3393; x_wconf 85' lang='lat' dir='ltr'><strong>Livio.</strong></span> <span class='ocrx_word' id='word_1_311' title='bbox 1065 3344 1137 3407; x_wconf 88' lang='lat' dir='ltr'><strong>conj.</strong></span> <span class='ocrx_word' id='word_1_312' title='bbox 1147 3343 1232 3394; x_wconf 82' lang='lat' dir='ltr'><strong>laude·</strong></span> 
     </span>
     <span class='ocr_line' id='line_1_36' title="bbox 126 3405 1231 3473; baseline 0.002 -17"><span class='ocrx_word' id='word_1_313' title='bbox 126 3405 161 3456; x_wconf 89' lang='lat' dir='ltr'><strong>tia</strong></span> <span class='ocrx_word' id='word_1_314' title='bbox 170 3414 215 3457; x_wconf 86' lang='lat' dir='ltr'><strong>est.</strong></span> <span class='ocrx_word' id='word_1_315' title='bbox 244 3409 306 3457; x_wconf 73' lang='lat' dir='ltr'><strong>Vct·</strong></span> <span class='ocrx_word' id='word_1_316' title='bbox 318 3410 399 3460; x_wconf 78' lang='lat' dir='ltr'><strong>Lirin.</strong></span> <span class='ocrx_word' id='word_1_317' title='bbox 411 3411 488 3461; x_wconf 76' lang='lat' dir='ltr'><strong>Grai.</strong></span> <span class='ocrx_word' id='word_1_318' title='bbox 500 3418 528 3458; x_wconf 86' lang='lat' dir='ltr'><strong>et</strong></span> <span class='ocrx_word' id='word_1_319' title='bbox 549 3418 661 3472; x_wconf 84' lang='lat' dir='ltr'><strong>recentt.</strong></span> <span class='ocrx_word' id='word_1_320' title='bbox 672 3425 735 3473; x_wconf 85' lang='lat' dir='ltr'><strong>eoepe</strong></span> <span class='ocrx_word' id='word_1_321' title='bbox 746 3415 769 3458; x_wconf 91' lang='lat' dir='ltr'><strong>et</strong></span> <span class='ocrx_word' id='word_1_322' title='bbox 780 3408 805 3457; x_wconf 82' lang='lat' dir='ltr'><strong>ia</strong></span> <span class='ocrx_word' id='word_1_323' title='bbox 815 3409 891 3471; x_wconf 63' lang='lat' dir='ltr'><strong>ipsiu</strong></span> <span class='ocrx_word' id='word_1_324' title='bbox 915 3407 945 3457; x_wconf 77' lang='lat' dir='ltr'><strong>rb</strong></span> <span class='ocrx_word' id='word_1_325' title='bbox 955 3414 979 3459; x_wconf 90' lang='lat' dir='ltr'><strong>et</strong></span> <span class='ocrx_word' id='word_1_326' title='bbox 990 3409 1065 3458; x_wconf 81' lang='lat' dir='ltr'><strong>deest</strong></span> <span class='ocrx_word' id='word_1_327' title='bbox 1075 3409 1102 3458; x_wconf 92' lang='lat' dir='ltr'><strong>in</strong></span> <span class='ocrx_word' id='word_1_328' title='bbox 1115 3409 1231 3472; x_wconf 80' lang='lat' dir='ltr'><strong>Gnelplt.</strong></span> 
     </span>
     <span class='ocr_line' id='line_1_37' title="bbox 127 3471 1232 3537; baseline -0.001 -15"><span class='ocrx_word' id='word_1_329' title='bbox 127 3471 234 3536; x_wconf 84' lang='lat' dir='ltr'><strong>Caspia.</strong></span> <span class='ocrx_word' id='word_1_330' title='bbox 247 3473 363 3522; x_wconf 77' lang='lat' dir='ltr'><strong>libonem</strong></span> <span class='ocrx_word' id='word_1_331' title='bbox 372 3474 465 3537; x_wconf 85' lang='lat' dir='ltr'><strong>Stepb.</strong></span> <span class='ocrx_word' id='word_1_332' title='bbox 476 3475 562 3525; x_wconf 87' lang='lat' dir='ltr'><strong>Livia.</strong></span> <span class='ocrx_word' id='word_1_333' title='bbox 573 3476 658 3524; x_wconf 83' lang='lat' dir='ltr'><strong>Rlvln.</strong></span> <span class='ocrx_word' id='word_1_334' title='bbox 674 3473 779 3536; x_wconf 79' lang='lat' dir='ltr'><strong>jactata,</strong></span> <span class='ocrx_word' id='word_1_335' title='bbox 787 3475 880 3523; x_wconf 84' lang='lat' dir='ltr'><strong>omisso</strong></span> <span class='ocrx_word' id='word_1_336' title='bbox 891 3479 937 3533; x_wconf 80' lang='lat' dir='ltr'><strong>eet,</strong></span> <span class='ocrx_word' id='word_1_337' title='bbox 949 3474 1009 3522; x_wconf 83' lang='lat' dir='ltr'><strong>edd.</strong></span> <span class='ocrx_word' id='word_1_338' title='bbox 1030 3481 1093 3524; x_wconf 87' lang='lat' dir='ltr'><strong>ante</strong></span> <span class='ocrx_word' id='word_1_339' title='bbox 1106 3473 1232 3524; x_wconf 79' lang='lat' dir='ltr'><strong>Arotnen.</strong></span> 
     </span>
     <span class='ocr_line' id='line_1_38' title="bbox 126 3535 1231 3603; baseline 0.002 -17"><span class='ocrx_word' id='word_1_340' title='bbox 126 3535 201 3588; x_wconf 78' lang='lat' dir='ltr'><strong>ebert</strong></span> <span class='ocrx_word' id='word_1_341' title='bbox 213 3548 318 3588; x_wconf 82' lang='lat' dir='ltr'><strong>servent</strong></span> <span class='ocrx_word' id='word_1_342' title='bbox 330 3540 442 3603; x_wconf 84' lang='lat' dir='ltr'><strong>Guelpb.</strong></span> <span class='ocrx_word' id='word_1_343' title='bbox 462 3547 489 3589; x_wconf 89' lang='lat' dir='ltr'><strong>et</strong></span> <span class='ocrx_word' id='word_1_344' title='bbox 506 3541 567 3589; x_wconf 87' lang='lat' dir='ltr'><strong>Vct.</strong></span> <span class='ocrx_word' id='word_1_345' title='bbox 586 3540 747 3590; x_wconf 73' lang='lat' dir='ltr'><strong>Puteum-3</strong></span> <span class='ocrx_word' id='word_1_346' title='bbox 760 3539 812 3588; x_wconf 86' lang='lat' dir='ltr'><strong>Pro</strong></span> <span class='ocrx_word' id='word_1_347' title='bbox 832 3538 947 3595; x_wconf 83' lang='lat' dir='ltr'><strong>omnibus,</strong></span> <span class='ocrx_word' id='word_1_348' title='bbox 964 3539 1053 3589; x_wconf 68' lang='lat' dir='ltr'><strong>Moerh</strong></span> <span class='ocrx_word' id='word_1_349' title='bbox 1076 3540 1158 3588; x_wconf 86' lang='lat' dir='ltr'><strong>babet</strong></span> <span class='ocrx_word' id='word_1_350' title='bbox 1174 3539 1231 3589; x_wconf 81' lang='lat' dir='ltr'><strong>eibi.</strong></span> 
     </span>
     <span class='ocr_line' id='line_1_39' title="bbox 128 3602 1231 3670; baseline 0 -15"><span class='ocrx_word' id='word_1_351' title='bbox 128 3603 204 3668; x_wconf 83' lang='lat' dir='ltr'><strong>Mox,</strong></span> <span class='ocrx_word' id='word_1_352' title='bbox 220 3606 252 3654; x_wconf 90' lang='lat' dir='ltr'><strong>ad</strong></span> <span class='ocrx_word' id='word_1_353' title='bbox 263 3613 324 3654; x_wconf 86' lang='lat' dir='ltr'><strong>ante</strong></span> <span class='ocrx_word' id='word_1_354' title='bbox 334 3611 427 3654; x_wconf 75' lang='lat' dir='ltr'><strong>naturae</strong></span> <span class='ocrx_word' id='word_1_355' title='bbox 439 3605 513 3655; x_wconf 79' lang='lat' dir='ltr'><strong>deest</strong></span> <span class='ocrx_word' id='word_1_356' title='bbox 530 3606 558 3654; x_wconf 90' lang='lat' dir='ltr'><strong>in</strong></span> <span class='ocrx_word' id='word_1_357' title='bbox 575 3605 689 3670; x_wconf 79' lang='lat' dir='ltr'><strong>Gnelpb.</strong></span> <span class='ocrx_word' id='word_1_358' title='bbox 705 3607 774 3654; x_wconf 90' lang='lat' dir='ltr'><strong>‘nan</strong></span> <span class='ocrx_word' id='word_1_359' title='bbox 785 3602 871 3655; x_wconf 67' lang='lat' dir='ltr'><strong>mele!</strong></span> <span class='ocrx_word' id='word_1_360' title='bbox 881 3606 970 3654; x_wconf 77' lang='lat' dir='ltr'><strong>Arate.</strong></span> <span class='ocrx_word' id='word_1_361' title='bbox 1001 3605 1057 3654; x_wconf 93' lang='lat' dir='ltr'><strong>Pro</strong></span> <span class='ocrx_word' id='word_1_362' title='bbox 1073 3605 1231 3667; x_wconf 75' lang='lat' dir='ltr'><strong>arbitremur,</strong></span> 
     </span>
    </p>
   </div>
   <div class='ocr_carea' id='block_1_6' title="bbox 127 3816 1233 4270">
    <p class='ocr_par' dir='ltr' id='par_1_8' title="bbox 127 3816 1233 4190">
     <span class='ocr_line' id='line_1_40' title="bbox 159 3816 954 3883; baseline -0.005 -15"><span class='ocrx_word' id='word_1_363' title='bbox 159 3825 172 3860; x_wconf 72' lang='grc' dir='ltr'><strong>Ρ</strong></span> <span class='ocrx_word' id='word_1_364' title='bbox 184 3818 271 3869; x_wconf 82' lang='lat' dir='ltr'><strong>Forma</strong></span> <span class='ocrx_word' id='word_1_365' title='bbox 278 3816 436 3880; x_wconf 79' lang='lat' dir='ltr'><strong>emendatior]</strong></span> <span class='ocrx_word' id='word_1_366' title='bbox 448 3817 480 3866; x_wconf 92' lang='lat' dir='ltr'><strong>ld</strong></span> <span class='ocrx_word' id='word_1_367' title='bbox 489 3820 663 3883; x_wconf 59' lang='lat' dir='ltr'><strong>eeacgrcgia,</strong></span> <span class='ocrx_word' id='word_1_368' title='bbox 698 3817 851 3868; x_wconf 76' lang='lat' dir='ltr'><strong>claritudinis</strong></span> <span class='ocrx_word' id='word_1_369' title='bbox 864 3816 954 3880; x_wconf 85' lang='lat' dir='ltr'><strong>piguit.</strong></span> 
     </span>
     <span class='ocr_line' id='line_1_41' title="bbox 127 3893 1232 3959; baseline -0.002 -15"><span class='ocrx_word' id='word_1_370' title='bbox 127 3895 232 3945; x_wconf 78' lang='lat' dir='ltr'><strong>eximie.</strong></span> <span class='ocrx_word' id='word_1_371' title='bbox 260 3895 395 3946; x_wconf 86' lang='lat' dir='ltr'><strong>Cicerode</strong></span> <span class='ocrx_word' id='word_1_372' title='bbox 407 3893 545 3945; x_wconf 79' lang='lat' dir='ltr'><strong>Amicitiae</strong></span> <span class='ocrx_word' id='word_1_373' title='bbox 562 3897 663 3946; x_wconf 81' lang='lat' dir='ltr'><strong>‘morea</strong></span> <span class='ocrx_word' id='word_1_374' title='bbox 730 3904 741 3932; x_wconf 75' lang='lat'>¹</span> <span class='ocrx_word' id='word_1_375' title='bbox 758 3897 911 3948; x_wconf 80' lang='lat' dir='ltr'><strong>Arbitremar</strong></span> <span class='ocrx_word' id='word_1_376' title='bbox 927 3893 1083 3959; x_wconf 79' lang='lat' dir='ltr'><strong>[arbitretur]</strong></span> <span class='ocrx_word' id='word_1_377' title='bbox 1099 3894 1145 3944; x_wconf 88' lang='lat' dir='ltr'><strong>Ita</strong></span> <span class='ocrx_word' id='word_1_378' title='bbox 1155 3895 1232 3944; x_wconf 85' lang='lat' dir='ltr'><strong>reati·</strong></span> 
     </span>
     <span class='ocr_line' id='line_1_42' title="bbox 127 3971 1233 4037; baseline -0.005 -13"><span class='ocrx_word' id='word_1_379' title='bbox 127 3971 278 4030; x_wconf 83' lang='lat' dir='ltr'><strong>emendati,’</strong></span> <span class='ocrx_word' id='word_1_380' title='bbox 293 3976 344 4024; x_wconf 74' lang='lat' dir='ltr'><strong>dac.</strong></span> <span class='ocrx_word' id='word_1_381' title='bbox 363 3981 390 4022; x_wconf 87' lang='lat' dir='ltr'><strong>ct</strong></span> <span class='ocrx_word' id='word_1_382' title='bbox 408 3973 504 4024; x_wconf 81' lang='lat' dir='ltr'><strong>Horat.</strong></span> <span class='ocrx_word' id='word_1_383' title='bbox 520 3974 571 4037; x_wconf 86' lang='lat' dir='ltr'><strong>Ep.</strong></span> <span class='ocrx_word' id='word_1_384' title='bbox 588 3987 607 4024; x_wconf 86' lang='grc' dir='ltr'><strong>ι.</strong></span> <span class='ocrx_word' id='word_1_385' title='bbox 621 3977 659 4024; x_wconf 84' lang='lat' dir='ltr'><strong>le.</strong></span> <span class='ocrx_word' id='word_1_386' title='bbox 697 3973 735 4023; x_wconf 90' lang='lat' dir='ltr'><strong>tui</strong></span> <span class='ocrx_word' id='word_1_387' title='bbox 748 3988 794 4036; x_wconf 87' lang='lat' dir='ltr'><strong>pro</strong></span> <span class='ocrx_word' id='word_1_388' title='bbox 805 3972 959 4029; x_wconf 83' lang='lat' dir='ltr'><strong>arbitremur,</strong></span> <span class='ocrx_word' id='word_1_389' title='bbox 971 3971 1027 4020; x_wconf 83' lang='lat' dir='ltr'><strong>aine</strong></span> <span class='ocrx_word' id='word_1_390' title='bbox 1037 3985 1090 4034; x_wconf 83' lang='lat' dir='ltr'><strong>qua</strong></span> <span class='ocrx_word' id='word_1_391' title='bbox 1107 3971 1233 4020; x_wconf 79' lang='lat' dir='ltr'><strong>emenda·</strong></span> 
     </span>
     <span class='ocr_line' id='line_1_43' title="bbox 127 4044 1232 4114; baseline -0.005 -14"><span class='ocrx_word' id='word_1_392' title='bbox 127 4051 159 4100; x_wconf 84' lang='lat' dir='ltr'><strong>ad</strong></span> <span class='ocrx_word' id='word_1_393' title='bbox 172 4051 321 4103; x_wconf 83' lang='lat' dir='ltr'><strong>Quintium:</strong></span> <span class='ocrx_word' id='word_1_394' title='bbox 340 4051 425 4100; x_wconf 86' lang='lat' dir='ltr'><strong>‘Cum</strong></span> <span class='ocrx_word' id='word_1_395' title='bbox 444 4050 542 4113; x_wconf 84' lang='lat' dir='ltr'><strong>pateris</strong></span> <span class='ocrx_word' id='word_1_396' title='bbox 556 4052 660 4114; x_wconf 79' lang='lat' dir='ltr'><strong>sapiens</strong></span> <span class='ocrx_word' id='word_1_397' title='bbox 696 4050 777 4108; x_wconf 72' lang='lat' dir='ltr'><strong>done,</strong></span> <span class='ocrx_word' id='word_1_398' title='bbox 795 4056 824 4098; x_wconf 89' lang='lat' dir='ltr'><strong>nt</strong></span> <span class='ocrx_word' id='word_1_399' title='bbox 844 4048 978 4100; x_wconf 82' lang='lat' dir='ltr'><strong>Acidaliae</strong></span> <span class='ocrx_word' id='word_1_400' title='bbox 997 4053 1081 4109; x_wconf 82' lang='lat' dir='ltr'><strong>notat,</strong></span> <span class='ocrx_word' id='word_1_401' title='bbox 1092 4044 1232 4112; x_wconf 63' lang='grc' dir='ltr'><strong><em>βαρβαρίζω</em></strong></span> 
     </span>
     <span class='ocr_line' id='line_1_44' title="bbox 127 4125 844 4190; baseline -0.003 -13"><span class='ocrx_word' id='word_1_402' title='bbox 127 4125 448 4190; x_wconf 82' lang='lat' dir='ltr'><strong>emendatusqnevacnri.’</strong></span> <span class='ocrx_word' id='word_1_403' title='bbox 696 4125 844 4179; x_wconf 67' lang='lat' dir='ltr'><strong>elmerum.</strong></span> 
     </span>
    </p>

    <p class='ocr_par' dir='ltr' id='par_1_9' title="bbox 159 4202 661 4270">
     <span class='ocr_line' id='line_1_45' title="bbox 159 4202 661 4270; baseline 0.006 -17"><span class='ocrx_word' id='word_1_404' title='bbox 159 4210 172 4246; x_wconf 79' lang='lat'><strong>⁴¹</strong></span> <span class='ocrx_word' id='word_1_405' title='bbox 191 4202 312 4253; x_wconf 83' lang='lat' dir='ltr'><strong>Bouiani</strong></span> <span class='ocrx_word' id='word_1_406' title='bbox 329 4202 422 4267; x_wconf 70' lang='lat' dir='ltr'><strong>piguit]</strong></span> <span class='ocrx_word' id='word_1_407' title='bbox 438 4203 498 4255; x_wconf 72' lang='lat' dir='ltr'><strong>Sne</strong></span> <span class='ocrx_word' id='word_1_408' title='bbox 514 4204 584 4256; x_wconf 87' lang='lat' dir='ltr'><strong>illam</strong></span> <span class='ocrx_word' id='word_1_409' title='bbox 605 4206 661 4270; x_wconf 91' lang='lat' dir='ltr'><strong>pnl-</strong></span> 
     </span>
    </p>
   </div>
   <div class='ocr_carea' id='block_1_7' title="bbox 0 0 1370 4726">
    <p class='ocr_par' dir='ltr' id='par_1_10' title="bbox 0 0 1370 4726">
     <span class='ocr_line' id='line_1_46' title="bbox 0 0 1370 4726; baseline 0 0"><span class='ocrx_word' id='word_1_410' title='bbox 0 0 1370 4726; x_wconf 95' lang='lat' dir='ltr'><strong> </strong></span> 
     </span>
    </p>
   </div>
  </div>
 </body>
</html>
