2730 4726
449 309 715 364 consororum
739 309 829 360 nne.
866 307 924 365 rx.
936 291 969 358 9.
1173 294 1261 361 1415

154 459 266 551 jectui
288 457 430 545 ancipiti
453 457 618 543 periculo,
635 457 773 521 clausos
795 455 1035 536 obsessosque,
1049 450 1177 517 omissa
1197 473 1260 538 spo

157 588 275 646 morae,
292 563 435 649 experiri
462 562 565 625 ermis
585 557 737 640 coegisti,
756 557 908 640 adeoque
930 574 1055 633 omnes,
1083 555 1142 640 qui
1162 575 1263 640 erup·

157 671 287 736 tionem
317 659 540 739 tentaverant)
571 661 739 738 cecidisti,
769 668 807 724 ut
835 661 908 743 ipse
938 660 1041 724 etiam
1071 655 1162 723 dux*
1186 651 1262 724 cum

156 778 258 855 parte
282 769 467 852 copiarum,
491 764 534 829 ad
560 763 759 831 arcessenda
781 763 921 839 auxilia,
938 763 1041 827 muris
1065 762 1262 843 excesserit,

156 873 319 957 maj0rem
342 870 446 934 miser
464 867 670 932 adducturus
691 867 889 943 exercitum,
904 869 940 929 ut
955 865 1079 949 majore
1099 865 1263 945 comitatu

156 975 269 1041 cladis
293 970 472 1037 occideret.
516 969 548 1035 4.
567 968 651 1048 ¹Quo
666 969 804 1054 quidem
829 975 980 1053 tempore
1004 967 1178 1052 praecipua
1201 986 1263 1050 ap·

154 1069 355 1160 paruittua,
370 1071 570 1155 Imperator,
586 1091 666 1136 cura
680 1071 779 1136 simul
799 1076 832 1136 et
847 1071 954 1159 animi
973 1069 1184 1152 magnitudo,
1201 1070 1262 1152 qui

154 1177 311 1243 redeunti
333 1171 400 1239 ilii¹
421 1173 547 1254 minore
569 1174 718 1238 exercitu
745 1174 911 1257 congredi,
926 1193 1028 1258 quam
1051 1172 1262 1254 obsidionem

153 1278 370 1344 intermittere
385 1274 547 1353 maluisti,
563 1294 606 1338 ne
621 1275 782 1360 respirare
797 1275 934 1355 clausis,
950 1281 1008 1342 aut
1028 1274 1184 1357 effugere,
1199 1281 1260 1339 aut

152 1382 326 1451 imminere
341 1386 434 1461 tergo
449 1377 581 1441 liceret.
1116 1437 1118 1440 ,
1168 1456 1169 1460 ¹

199 1484 292 1549 Gur.
315 1497 373 1545 rx.
416 1480 446 1544 1.
472 1479 517 1545 Et
531 1479 639 1563 primo
655 1480 802 1564 quidem,
817 1487 854 1544 ut
868 1481 981 1560 audio,
994 1481 1100 1546 aciem
1117 1480 1260 1564 instrux-

155 1604 232 1652 eras
247 1585 429 1668 duplicem,
448 1602 546 1671 mox,
570 1585 706 1666 proviso
730 1584 992 1648 adversariorum
1018 1595 1181 1660 numero,e
1196 1602 1261 1647 ex-

154 1688 276 1772 plicari
299 1685 471 1755 statimiu
494 1684 637 1749 frontem
660 1684 804 1764 ordines,
824 1693 859 1750 et
880 1685 1019 1750 extendi
1041 1685 1142 1750 latius
1167 1704 1263 1751 arma

150 1789 302 1872 jussisti,
326 1810 370 1852 ex
396 1794 454 1852 tuo
481 1788 593 1850 animo
618 1787 771 1851 nimimrn
802 1789 931 1852 animos
953 1795 1085 1852 tuorum
1112 1787 1261 1852 omnium

140 1892 317 1956 -metiensr
342 1889 497 1973 quamvis
521 1890 656 1971 gravius
679 1890 754 1953 iude
779 1889 910 1974 pondus
929 1891 1062 1972 infringi
1079 1909 1183 1972 posse
1198 1891 1259 1953 im-

153 2002 236 2078 petu
259 1990 481 2078 pauciorum)
525 1991 559 2057 2.
582 1990 736 2055 Laudare
765 2010 818 2055 me
848 1992 1038 2069 existimas,
1066 1991 1260 2075 Imperator,

184 2183 200 2220 1
216 2177 279 2226 Mox
288 2158 411 2241 explorato
425 2175 527 2225 tortium
538 2153 644 2225 numero.

186 2240 201 2274 ¹⁶
218 2243 261 2290 Ee
270 2243 416 2301 fortitudine
430 2247 472 2290 tuo
489 2242 610 2290 <cetimum
622 2239 793 2300 fortitudinem
813 2246 906 2291 tuorum
922 2241 1036 2304 omnium,
1046 2257 1074 2291 nc
1089 2246 1158 2292 rotun
1176 2242 1259 2292 molem

152 2307 276 2358 exereitus
286 2307 348 2358 torti
359 2307 414 2357 ticet
421 2307 566 2370 proniorem,
576 2320 646 2369 poree
654 2305 775 2369 perrumpi
784 2303 867 2370 nigore
875 2309 1019 2370 paucorum.

613 2449 797 2474 numento

154 2545 227 2616 conj.
238 2547 404 2613 Virdungus3
422 2549 499 2599 etsie
511 2549 576 2598 Exc.
589 2549 733 2599 Schouiror.
754 2556 824 2614 porto
840 2556 951 2615 procedo
962 2551 1079 2601 Patami.
1108 2551 1258 2616 otreeeoeque

149 2615 234 2680 pejore
244 2615 350 2676 experiri
360 2614 421 2664 edd.
432 2623 498 2664 retr.
531 2614 678 2678 obsessorque
695 2615 780 2664 omium
796 2631 837 2679 epe
856 2630 928 2666 moroe
944 2616 1051 2681 experiri
1068 2617 1131 2666 Ver.
1144 2617 1257 2668 Puteeu.

152 2681 243 2731 Vetic.
253 2681 341 2731 Mori.
354 2687 381 2729 et
391 2681 491 2741 Joeger.
515 2678 671 2744 obmieeoeque
682 2680 784 2731 Bertin.
811 2681 968 2744 otrnieeoeque
979 2695 1070 2731 remora
1080 2682 1184 2744 experiri
1195 2683 1258 2737 itet.

153 2745 240 2796 Lirin.
256 2743 324 2794 Vide
342 2745 418 2794 Nori.
428 2745 504 2794 Verr.
531 2744 589 2793 odeo
599 2760 645 2808 quo
658 2745 735 2794 omnio
746 2747 838 2808 eruptio
850 2750 983 2795 tentaverat
1001 2746 1118 2795 Rheuun.
1129 2747 1165 2795 H.
1182 2752 1210 2796 et
1227 2747 1260 2799 Ρ.

152 2811 248 2875 Steph:
262 2809 344 2860 Lirin.
355 2809 442 2858 Rivin.
459 2810 492 2858 ei.
511 2814 575 2857 vett.
590 2811 692 2873 adeoque
709 2825 795 2866 omnes,
807 2811 848 2874 qui
865 2812 1010 2873 eruptionem
1022 2816 1172 2860 tentoneront
1183 2812 1259 2864 Vati.

152 2875 217 2925 vet.
236 2876 347 2934 Putean.
367 2875 454 2924 Moeri.
473 2874 590 2922 Paterni.
601 2872 699 2936 Jaeger.
718 2883 747 2924 et
758 2876 796 2924 sic
806 2874 875 2939 conj.
888 2877 958 2938 Lips.
974 2876 1059 2938 Epist.
1074 2875 1175 2925 Quart.
1188 2889 1206 2924 r.
1216 2880 1260 2927 22.

152 2942 257 3004 odeoque
266 2953 345 2988 omnen
355 2939 434 2987 etiarn
446 2939 508 2988 Ver.
525 2938 612 2986 Lirin.
623 2939 724 2988 Bertio.
735 2940 801 2989 Exc.
813 2941 1007 3004 Longumque
1017 2943 1258 3003 omnee,quueruptio

153 3010 247 3055 tentato
258 3009 310 3054 erut
321 3003 391 3066 conj.
403 3003 487 3052 Lirin.
499 3009 526 3052 et
539 3001 641 3052 Aeidni.
680 3005 754 3066 Mox,
764 3007 837 3055 etium
851 3006 926 3055 deest
942 3007 967 3054 in
981 3006 1042 3053 Ver.
1054 3005 1138 3054 Lirin.
1151 3014 1179 3055 et
1191 3007 1258 3058 Exc.

152 3069 237 3132 hog.
269 3071 301 3119 nd
310 3069 449 3118 oeemnmdo
460 3068 520 3118 edd.
533 3076 594 3117 ante
606 3067 683 3117 Grut.
706 3071 738 3118 od
752 3071 891 3120 arcessendo
902 3072 963 3120 Ver.
971 3069 1055 3120 Lirin.
1068 3071 1168 3120 Bertin.
1180 3071 1258 3124 Grut.

152 3141 180 3183 et
192 3140 304 3184 recenti.
1015 3140 1016 3145 ’

187 3200 255 3249 Cen.
266 3211 306 3247 rx.
340 3201 352 3246 l
366 3195 467 3259 Verba,
476 3197 568 3246 nnirnoe
578 3203 671 3246 tuorum
682 3198 795 3261 omnium,
806 3198 902 3248 desunt
913 3199 937 3246 in
949 3197 1023 3247 Vatt.
1035 3204 1061 3247 et
1073 3199 1132 3248 Ver.
1142 3200 1256 3250 Putean.

169 3263 304 3314 uontumnie
321 3261 421 3323 gramm
439 3262 504 3310 Erro.
525 3262 607 3324 Lang.
632 3263 688 3312 inde
706 3262 781 3311 deest
801 3265 827 3313 in
848 3263 939 3313 iisdem
959 3264 1024 3312 Ere.
1053 3262 1158 3326 infringi
1177 3270 1256 3328 posue

152 3279 244 3378 itirin.
256 3331 279 3375 1.
305 3325 387 3390 infligi
396 3340 462 3388 poree
472 3325 541 3389 conj·
553 3327 667 3382 Paterni.
695 3327 783 3391 impetu
793 3329 888 3392 imperii
904 3329 1021 3377 Rhennn.
1033 3329 1160 3390 Stephon.
1173 3331 1262 3381 Lirin..

152 3391 241 3444 Riviu.
253 3395 276 3442 1.
291 3391 380 3456 inipetu
390 3391 527 3456 pauciorum
539 3391 600 3443 Vct.
611 3392 722 3444 Puteen.
730 3393 791 3443 Vet·
801 3393 885 3443 Lirin.
894 3393 996 3444 Bertin.
1004 3394 1155 3460 Exolnng.
1166 3396 1255 3448 Moeri.

647 3536 671 3587 N
676 3535 757 3587 OTAE

184 3649 332 3716 iProiecto]
353 3651 395 3701 An
415 3648 531 3712 trejecto?
552 3649 682 3702 Scironho·
757 3650 764 3685 ¹
782 3652 831 3708 Qui
852 3651 960 3702 redeunti
978 3651 1028 3714 iiii]
1049 3652 1100 3704 Qui
1122 3652 1254 3705 Veronam

149 3731 220 3783 vim.
725 3728 854 3786 redeunti,
876 3734 936 3792 post
957 3730 1127 3793 irruptionem
1149 3728 1257 3795 factem,

147 3862 152 3869 ι
181 3804 261 3864 thn'
279 3803 424 3868 eruptionem
439 3801 600 3866 tentooerout]
618 3801 682 3868 Ant,
724 3818 861 3855 occurrere
881 3805 1004 3861 maluisti,
1025 3820 1083 3856 cunr
1105 3818 1135 3853 ea
1151 3811 1253 3857 tanturn

148 3898 198 3948 pun
219 3881 312 3945 eruptio
337 3884 430 3930 tentato
451 3885 512 3929 eret.
543 3880 589 3929 Sic
615 3881 682 3930 enim
723 3882 1253 3946 parreexercitus,qnnaccinetneretud

111 3949 113 3955 ’
149 3959 256 4024 Lipsius
278 3961 306 4006 et
325 3955 457 4005 Liuineius
477 3956 578 4020 legunt.
610 3957 681 4019 Non,
723 3957 829 4019 betium,
844 3961 871 4009 in
882 3975 932 4025 qno
945 3974 994 4008 non
1008 3965 1065 4007 erut
1082 3973 1173 4022 purum
1185 3961 1252 4021 peri·

150 4052 198 4101 quo
215 4033 306 4098 eruptio
320 4037 464 4095 tentaverat,
481 4040 508 4082 ut
526 4040 566 4084 ent
582 4033 608 4083 in
626 4032 679 4084 edi·
721 4035 790 4097 cnii;
808 4051 886 4100 quam
905 4036 938 4085 ad
952 4034 1040 4098 copies
1057 4049 1147 4085 omnen
1164 4041 1251 4088 teouru

151 4114 224 4164 tione
235 4109 365 4160 Potesne.
721 4111 871 4162 edocendos
889 4111 1045 4162 obsidionem
1068 4111 1253 4177 intermittere,

183 4186 197 4222 ¹
212 4185 284 4250 Due]
300 4185 403 4252 Nempe
412 4183 540 4236 Ruricius·
721 4193 749 4238 et
760 4188 872 4239 obsessis
880 4187 941 4238 dare
950 4187 1034 4239 iocum
1043 4193 1087 4239 orit
1095 4189 1251 4254 respirandi,
