2730 4726
129 298 215 365 1118
491 310 638 364 snum
662 309 874 365 remunero.

129 463 203 527 brec
216 478 284 525 nou
298 455 522 527 redtrronium
538 459 691 526 desernit
724 460 827 541 Sene,
841 459 1080 546 siNeugeriee
1091 466 1234 551 uliquis,

127 565 183 629 vel
197 560 374 655 Victorius
399 563 467 628 isto
492 569 660 649 apparatu
682 582 765 629 urs
783 570 890 646 wt,
905 563 1119 646 hebernus,
1139 570 1236 654 quod

128 663 303 732 demus
314 653 530 746 eruditorum,
544 673 581 731 et
594 667 671 750 spei
685 665 911 735 satisfaceret.
954 669 1025 734 Sed
1037 671 1140 736 nimis
1152 672 1237 738 elie-
1273 735 1275 745 ,

128 786 195 834 nse
208 775 280 835 erat
295 767 445 836 Paterol.
460 787 482 834 a
495 787 532 834 re
551 769 680 835 critica.
722 768 870 836 Codices
885 788 966 836 sune
981 789 1049 838 non
1064 783 1235 859 perpetue

128 870 310 956 diligentia,
325 871 386 937 sed
404 872 464 937 ubi
474 871 607 938 libitum
627 879 712 950 erat,
730 873 925 958 inspexisse
938 882 1131 954 contentus,
1147 895 1234 960 peu·

127 973 275 1040 cissimis
289 973 378 1040 locis
392 993 492 1059 opem
506 975 635 1040 exiliis
650 975 754 1054 auen,
775 983 810 1042 et
829 984 1024 1041 contextum
1050 978 1142 1042 lrnnd
1163 998 1235 1044 me

55 1142 64 1157 x
126 1076 244 1142 liorem
271 1076 473 1155 Parisiensi,
495 1096 597 1162 quem
620 1078 749 1162 ubique
767 1083 845 1145 ente
866 1079 1116 1156 oculosbabet,
1131 1081 1232 1147 nobis

127 1179 295 1264 procudit.
351 1177 541 1246 Annotatio
570 1181 605 1246 iu
632 1182 737 1246 rebus
766 1179 965 1260 Historieis,
994 1183 1236 1268 et-proecipue

128 1279 376 1368 Geogmphicis
390 1283 544 1349 studiose
563 1283 775 1363 verentonis
794 1283 915 1349 oeteris
929 1283 975 1348 ad
989 1284 1149 1348 rationem
1166 1285 1233 1350 tti-

126 1385 303 1450 nelliauam
317 1385 387 1450 iere
397 1385 539 1451 accedit
583 1385 672 1451 Sunt
684 1390 809 1465 temen,
823 1404 865 1450 ne
878 1385 962 1470 quid
976 1384 1060 1451 boni
1073 1385 1237 1452 dissime«

126 1489 201 1567 lem,
216 1488 251 1553 iu
266 1487 391 1572 quibos
405 1487 461 1554 vel
482 1506 601 1573 preme
620 1488 776 1554 lectionis
797 1487 1032 1567 reformandae,-
1046 1490 1099 1553 vel
1114 1489 1235 1555 coniit-

126 1588 257 1656 mnndee
271 1590 389 1674 probse
403 1608 507 1675 opera
521 1591 584 1655 viri
597 1591 757 1675 prodesse
768 1598 883 1676 queat.
916 1590 984 1656 Sed
1000 1591 1086 1656 satis
1100 1590 1150 1656 de.
1159 1591 1235 1658 his:

127 1707 169 1755 ue
182 1692 412 1758 tantummodo
426 1710 601 1759 censuram
620 1693 763 1759 eliorum
784 1712 895 1778 agere,
909 1693 1036 1768 ervire,
1050 1710 1154 1778 quem
1167 1712 1236 1777 ege

127 1800 324 1877 persecutus
340 1795 706 1873 eumdemennrnnde
719 1795 835 1861 videor
848 1786 1014 1861 oblivisci.
1061 1853 1064 1859 .

170 1895 286 1963 Prima
295 1895 377 1962 mibi
392 1896 511 1963 meritc
520 1897 672 1964 initoura
686 1904 814 1976 textus,
830 1897 930 1982 cujus
944 1897 1234 1983 multaritin,ope

126 1999 297 2078 librorum,
319 2000 496 2086 praecipue
513 1999 702 2080 Mrnrtiani,
718 2000 903 2066 emendavi.
947 1999 1114 2084 Equidem
1128 1999 1237 2066 incito

126 2119 288 2185 agnosco,
319 2120 387 2167 non
419 2104 533 2170 omnin
564 2103 711 2182 vnlnere,
744 2122 823 2188 ane
852 2103 1066 2167 librariorum
1100 2103 1234 2171 incuria
1289 2164 1291 2169 Α

127 2203 350 2288 scriptoribus
364 2204 461 2269 bisce
476 2205 613 2284 indixit,
627 2224 702 2271 esse
719 2211 911 2291 manum·
954 2204 1023 2269 Sed
1047 2205 1162 2284 metui,
1177 2224 1235 2285 eo,

127 2307 188 2372 nbi
208 2325 277 2372 non
301 2307 441 2373 aderent
463 2308 731 2391 praesentissima
755 2308 913 2385 remedie,
938 2322 1108 2390 suspensa
1128 2324 1236 2372 mann

126 2414 284 2484 tractare,
314 2412 373 2474 eut
402 2427 535 2474 menum
560 2410 697 2476 omnino
724 2411 904 2486 abstinere,
929 2427 1052 2493 qurum·
1067 2409 1236 2483 sumenda

126 2511 294 2597 quidlibet
318 2510 462 2577 cudendi
483 2512 633 2590 licentia,
655 2514 692 2577 in
715 2512 1006 2597 reprehensionem
1029 2513 1235 2579 temeritatis

126 2617 302 2680 incurrere.
346 2612 455 2678 Porro
469 2613 504 2676 id
521 2631 660 2697 quoqne
674 2613 803 2679 efficere
816 2613 948 2688 numni,
961 2620 1011 2691 nt,
1023 2610 1112 2678 nude
1125 2613 1233 2680 lectis

127 2734 275 2802 quaeque
289 2714 393 2780 ducta
408 2713 465 2792 sit,
478 2723 514 2778 et
533 2715 659 2798 quibus
673 2715 775 2799 quasi
793 2714 953 2798 gradibus
966 2714 1010 2778 ad
1025 2732 1119 2789 earn,
1129 2734 1232 2800 quam

126 2818 241 2896 haber,
255 2815 395 2883 formem
409 2821 524 2884 terme
538 2818 737 2901 pervenerit,
752 2814 970 2898 intelligetur.
1005 2814 1046 2879 In
1059 2817 1235 2901 adjumenta

126 2921 171 2984 tie
185 2917 422 3002 interpretandi
437 2919 693 2986 observationes
707 2918 901 2996 Scbwunii,
914 2917 1041 3000 quibus
1055 2927 1234 3004 utrumqne

127 3019 322 3085 Mamertini
343 3018 587 3103 Panegyricum
608 3020 800 3096 illustravit,
822 3019 1127 3086 Dissertationibne
1141 3022 1234 3088 Aca»

127 3121 269 3187 demicis
298 3120 435 3205 publice
462 3120 543 3186 olim
565 3122 772 3206 propositus,
798 3140 863 3186 nec
886 3140 955 3187 non
980 3140 1052 3201 eas,
1078 3140 1166 3207 quas
1188 3125 1234 3190 ed

127 3222 372 3308 Panegyricum
383 3220 552 3304 Eumenii,
564 3224 601 3287 in
614 3241 713 3288 nsum
722 3220 999 3298 helecdonum,
1012 3226 1235 3309 ‹tonsoripsit,¹

126 3327 276 3392 noudum
306 3327 417 3393 adbuc
445 3328 583 3409 editas:
603 3347 666 3395 neo
687 3334 799 3394 temen
821 3327 976 3411 indignas
995 3336 1133 3394 anctore
1155 3350 1231 3408 sno;

126 3428 227 3494 odero
241 3429 406 3514 integras3
430 3449 475 3495 ex
491 3432 711 3497 annotatione
725 3429 929 3514 reliquorum
946 3430 1106 3495 dilectum
1119 3431 1236 3498 iecere

126 3532 237 3598 risum
249 3537 313 3596 est
356 3531 645 3619 Quotiescumque
660 3535 750 3600 enim
763 3550 833 3599 rem
853 3552 969 3610 unam,
981 3532 1195 3617 eundemque
1210 3556 1236 3602 n

126 3633 272 3712 duobus,
291 3632 495 3716 pluribusve,
524 3633 615 3718 qnod
642 3634 734 3700 baud
759 3652 836 3701 reto
856 3632 994 3713 accidit,
1018 3637 1232 3718 propositum

125 3735 234 3802 fuisse
250 3736 331 3814 vidi,
352 3736 445 3802 illius
465 3738 699 3804 tantummodo
718 3744 847 3820 notem,
867 3756 970 3821 quem
985 3739 1235 3821 rntgodicnsr,

126 3839 245 3922 selegi,
256 3839 317 3923 qui
331 3838 386 3904 vel
401 3840 529 3924 primns
541 3842 636 3907 illam
652 3859 724 3906 rem
738 3841 858 3924 tetigit,
867 3839 922 3905 rel
937 3839 1087 3904 omnium
1102 3844 1231 3925 optime

126 3940 331 4026 explicavit:
354 3961 425 4026 qun
446 3944 577 4010 ratione
598 3943 634 4009 id
653 3963 708 4009 rue
730 3947 945 4010 consecutum
965 3961 1042 4007 esee
1058 3961 1174 4026 spero,
1190 3955 1231 4011 ut

157 4118 170 4145 0
187 4112 392 4178 Nonitnqnebt
402 4127 435 4165 ex
446 4114 584 4166 Sebnmsii
593 4114 657 4169 edit.
698 4115 769 4166 inter
777 4115 865 4168 iltutre
874 4113 977 4166 intersit
988 4127 1038 4165 uon
1054 4115 1145 4180 liquet.
1164 4119 1230 4167 Are·

126 4182 250 4244 ridentur
265 4190 409 4253 trenrletae,
419 4197 449 4240 nt
464 4190 615 4255 ruspicnbnr
631 4192 658 4242 iu
700 4191 800 4244 maier.

126 4260 208 4315 Pret.
221 4261 255 4315 ed
267 4272 330 4316 tour.
340 4277 361 4315 t.
373 4279 399 4329 p.
408 4268 434 4315 t.
444 4264 507 4331 quid
521 4266 603 4332 igiter
612 4267 658 4318 ter
