2730 4726
327 343 598 395 consrrurrrso
622 342 713 395 suc.
752 344 836 396 vrrr.
856 331 889 397 2.
1069 333 1157 401 1379

52 495 124 556 tum
155 496 236 555 ante
258 489 367 574 pedes
388 495 468 554 tuos
491 487 644 554 ordinem
668 488 885 573 indulgentiae
907 496 974 557 tuce
996 511 1079 559 voce
1107 495 1156 562 di·

52 594 145 664 vina,
160 602 383 676 porrectaque
406 591 472 656 hac
496 592 620 656 invicta
639 592 779 658 dextera
800 595 1008 671 sublevasti:
1030 601 1158 664 numini

52 701 114 760 tuo
130 690 258 778 g'ratias
273 713 379 779 agere.
422 698 455 759 4.
477 694 554 760 Nec
569 695 649 760 mihi
663 697 778 773 verba,
802 697 958 780 quamvis
980 698 1157 782 imparata,

54 797 257 864 defuissent.
302 795 391 875 Quis
405 797 493 861 enim
508 805 568 863 aut
583 817 773 882 praeparare
794 818 832 864 se
853 799 896 863 ad
911 800 1075 867 beneficia
1089 809 1158 870 tam

50 900 228 985 'insperata
241 900 423 984 potuisset,
447 905 507 963 aut
522 900 566 964 ab
582 907 676 964 tanta
697 899 922 982 gratulatione
937 902 1158 970 cohiberet't‘

53 1005 88 1068 a
107 1002 181 1068 Sed
196 1001 300 1066 habui
313 1003 473 1066 rationem
489 1001 558 1065 loci
578 1021 619 1065 ac
635 1004 807 1091 temporis,
822 1017 863 1066 ne
876 1023 972 1068 mens
987 1004 1045 1069 ille
1061 1006 1159 1072 ardor

51 1104 172 1183 animi,
187 1102 549 1193 studiumqn'edicendi
565 1103 627 1169 tibi
641 1104 777 1188 quidem
798 1105 905 1189 (quud
925 1106 1006 1171 mihi
1030 1108 1074 1172 ad
1098 1109 1159 1173 im·

55 1206 297 1272 mortalitatem
313 1202 499 1290 sufficeret)
519 1206 733 1289 probaretur,
749 1207 811 1271 sed
833 1213 970 1292 propter
993 1211 1158 1276 assisten-

56 1313 140 1375 timn
167 1309 374 1393 paucitatem
399 1310 520 1386 minus,
549 1329 652 1394 quam
679 1318 713 1376 te
736 1310 873 1393 dignum
895 1312 1010 1390 esset,⁸
1032 1313 1096 1378 iret
1124 1316 1159 1380 in

56 1410 216 1495 pupulos,
232 1410 264 1476 si
278 1418 324 1491 tc,
345 1431 415 1477 nno
431 1412 487 1476 dic
503 1412 545 1476 de
568 1411 676 1476 salute
691 1418 808 1477 nostra
822 1414 927 1478 multa
947 1421 1158 1491 tractantem,

50 1518 240 1604 moraretur
254 1513 376 1587 oratio,
391 1533 469 1598 quae
482 1532 546 1597 pru
569 1515 798 1596 magnitudine
817 1516 1009 1581 meritorum
1030 1524 1159 1583 tuorum

49 1614 220 1681 festinare
234 1635 303 1681 non
318 1624 445 1700 posset

52 1740 55 1751 ·
99 1718 193 1784 Gar.
217 1734 260 1782 ιι.
292 1717 325 1782 1.
347 1716 448 1782 Nunc
469 1716 593 1800 itaque,
606 1736 682 1781 cum
701 1718 737 1781 in
757 1717 820 1783 hac
840 1719 933 1794 urbe,
948 1737 1026 1803 quae
1049 1719 1160 1785 adhuc

56 1821 259 1887 assiduitate
287 1819 478 1905 praesentim
504 1825 573 1885 tusa
603 1838 674 1903 prae
703 1821 822 1886 ceteris
851 1820 982 1897 fruitur,
1007 1820 1161 1906 (habebit

56 1926 146 1990 enim
163 1922 336 1989 felicitatis
350 1921 530 1988 aemuluml
546 1923 700 1990 Flavium
714 1927 994 2003 nostram,)totus
1006 1925 1066 1989 tibi
1077 1925 1158 1989 ami·

48 2048 176 2096 ‚corum
198 2034 328 2092 tuorum
350 2026 547 2102 comitatus,
562 2033 597 2089 et
619 2026 728 2090 omnis
748 2025 881 2107 imperii
902 2031 1088 2108 apparatus
1105 2046 1159 2091 as·

51 2120 171 2208 sistat,
191 2136 321 2194 etcum
343 2147 460 2194 omues
479 2128 633 2192 homines
654 2127 799 2192 omnium
818 2126 886 2192 iere
906 2127 1078 2194 civitatum
1100 2134 1160 2193 aut

87 2301 102 2326 ⁸
117 2290 214 2344 Dinis·
223 2296 248 2342 et
256 2293 325 2356 pass
333 2291 491 2343 humectis
502 2296 550 2341 tau
560 2306 615 2342 soce
625 2286 728 2343 maisit
731 2327 738 2342 .

87 2356 101 2393 ⁰
117 2359 199 2416 Qum
206 2363 256 2409 tsae
265 2357 386 2419 medati
394 2358 537 2409 muniret.

53 2551 205 2604 monim
215 2564 274 2602 cunr
285 2550 319 2602 ds
329 2551 434 2603 homine
445 2550 550 2612 dicitur,
562 2551 623 2616 quid
635 2547 692 2599 tore
707 2547 846 2612 significet,
857 2549 920 2600 satis
930 2548 1052 2601 constat!
1067 2551 1161 2612 «leger.

57 2619 119 2669 Vrd.
129 2632 189 2682 sup.
204 2617 237 2667 ad
249 2632 274 2667 n.
286 2622 310 2668 1.
324 2618 373 2666 ‘la
390 2625 453 2668 anta
469 2617 512 2666 itio
528 2618 630 2678 ignorat
641 2615 754 2679 Guelplr.
767 2615 835 2680 quod
850 2631 864 2665 a
881 2614 1042 2679 praecedenti
1053 2630 1077 2663 m
1088 2615 1161 2664 ride·

58 2688 102 2734 int·
109 2680 283 2762 pbsorptums’
297 2681 385 2758 Arata.
410 2682 464 2732 Pro
474 2687 587 2744 stratam,
598 2681 686 2758 Macri.
694 2689 721 2730 et
733 2679 847 2757 Qarelpla
856 2686 966 2731 sturton.
993 2682 1067 2740 Mox,
1076 2679 1160 2757 Lirin.

52 2821 86 2864 a
118 2744 1160 2876 tatttlt'alla,ilillitati?alltttltiatutlla

57 2876 197 2928 confirmat
209 2878 276 2942 conj.
285 2876 407 2940 Lirineii,
418 2889 464 2939 per
476 2889 503 2925 se
509 2875 564 2940 jum
576 2875 640 2924 satis
652 2873 823 2938 probabilem,
835 2889 864 2924 ac
873 2882 973 2924 tautum
982 2888 1032 2924 ucu
1042 2873 1161 2924 certam!

56 2943 153 3007 loger.
175 2955 304 3007 preparare
319 2943 351 2991 ad
363 2941 482 2990 Rhenau.
498 2940 590 3004 suph.
607 2939 694 2989 Lirin.
705 2940 738 2988 al.
751 2948 815 2989 retr.
827 2947 854 2989 et
870 2940 955 2989 Rivin.
980 2956 1005 3004 p.
1015 2954 1041 2988 ss
1055 2940 1086 2988 ud
1098 2939 1161 2989 Ver.

58 3005 172 3058 Putcau.
183 3006 246 3057 Vct.
258 3005 342 3056 Lirin.
354 3005 462 3069 cuspin.
474 3005 577 3055 Berlin.
588 3003 666 3054 Grut.
677 3011 705 3053 et
717 3010 828 3055 recantt.
841 3005 974 3070 proparari
982 3005 1048 3067 conj.
1057 3002 1161 3054 Acidal.

57 3071 94 3125 ‘a
115 3077 193 3122 ⁴touta
213 3070 399 3121 Chassenoeusl
432 3071 515 3120 Liuia.
544 3068 646 3118 Acidal.
668 3069 736 3134 conj.
762 3069 885 3128 cohiberi:
907 3071 990 3119 Baua.
1010 3070 1161 3120 cohibere.-

57 3136 216 3188 aaronis.
231 3135 388 3198 ettsrspsrs‘s.
414 3135 464 3184 ‘ln
481 3136 567 3184 Moerl.
583 3135 681 3198 legitur
699 3135 849 3192 falsasset.
863 3134 1005 3185 divinandi?
1022 3135 1118 3196 Jaegcr.
1134 3135 1161 3196 ia

20 3210 24 3217 '
55 3201 357 3266 mutuaturum.
376 3198 468 3263 steph.
485 3201 569 3251 Lirin.
585 3199 693 3262 cuspin.
711 3206 738 3248 et
754 3200 788 3248 al.
807 3207 866 3248 anta
883 3200 959 3250 Grut.
970 3215 1002 3248 cx
1015 3212 1066 3262 quo
1078 3199 1162 3248 Livio.

58 3272 88 3316 ot
97 3264 205 3318 Acidsl.
216 3265 284 3329 conj.
296 3266 323 3316 iu
332 3267 430 3328 popum
441 3269 466 3314 et
478 3269 509 3314 ts.
533 3263 646 3328 Grrelplr.
655 3264 734 3314 etiam
746 3265 772 3313 ia
781 3265 874 3328 populo.
897 3265 961 3314 Vct.
972 3262 1162 3313 PuteanGud.

58 3328 148 3391 dioerl.
170 3330 243 3380 site·
257 3330 357 3388 filiola,
376 3331 398 3378 si
417 3328 509 3379 seriens
528 3329 653 3379 orationis
673 3327 840 3379 consideres!
857 3328 949 3389 auger.
975 3329 1016 3378 iliu
1033 3328 1073 3377 die
1091 3329 1161 3391 conj.

58 3390 145 3446 livia.
171 3395 247 3446 stultu
257 3399 376 3455 tractante
392 3393 477 3444 Rivln.
491 3394 606 3443 Rheuun.
617 3399 644 3443 et
663 3394 754 3456 steph.
766 3392 811 3442 sed
823 3393 938 3442 Rheuau.
955 3394 979 3441 ln
991 3407 1072 3456 marg.
1083 3393 1163 3443 haber

56 3459 108 3577 311.
122 3457 294 3519 truttmunt
311 3469 340 3510 et
350 3460 389 3515 sic
400 3461 462 3509 Vct.
473 3459 586 3510 Putem.
598 3460 662 3509 Esc.
673 3459 819 3510 Schonhov.
837 3457 932 3523 aliique
948 3459 1018 3517 libri,
1033 3460 1162 3523 probante

77 3539 99 3576 ι
119 3539 175 3576 ero.

113 3603 163 3643 Δ».
174 3603 207 3640 ιι.
236 3592 249 3639 l
268 3587 340 3639 Malo
356 3602 410 3652 ssa
425 3587 502 3639 adise
513 3587 605 3639 desum
622 3588 648 3638 ln
660 3588 701 3640 ed.
714 3587 799 3639 Riviu.
818 3587 928 3651 felicitas
938 3589 1056 3639 Rhannn.
1067 3587 1161 3650 saepta

59 3654 145 3707 lirin.
158 3652 246 3722 Risin.
258 3660 286 3704 et
297 3652 403 3704 alanta
414 3652 492 3704 Grut.
511 3653 642 3715 felicitatis
652 3653 766 3717 Guelph.
776 3655 840 3704 Ver.
857 3655 971 3704 Putesn.
987 3653 1087 3704 Bertin.
1099 3653 1162 3702 Exe.

59 3714 143 3787 iamt.
155 3717 355 3785 cmpiu.Grut.
367 3723 395 3770 ct
405 3726 516 3770 recenti.
542 3719 657 3770 «autaut
665 3720 730 3770 Exc.
739 3719 822 3784 Lang.
848 3719 939 3770 aaut
951 3717 1160 3783 Guelplr.Moerl.

557 3833 583 3883 N
586 3832 665 3883 01¹AE

58 3923 136 3978 uodo
158 3922 347 3977 Constantinus
375 3921 589 3988 Augustudunum
629 3922 741 3973 celtiberi.
788 3949 790 3953 .
822 3925 824 3937 '

58 4001 189 4071 in'gsmns
199 4002 466 4067 lnpalntloexceprus
477 4001 521 4063 stt,
531 4013 590 4063 cap.
663 3996 675 4032 '³
692 3998 828 4049 Felicitatis
845 3993 965 4064 maulam]
982 3993 1160 4057 imperatorur

58 4090 121 4132 vrrs·
358 4092 367 4099 ¹*
632 4074 774 4130 identidem
804 4071 986 4140 Augustuduni
1021 4083 1161 4119 commors-

88 4163 103 4200 s
120 4150 261 4217 colunes]
272 4149 395 4204 Fortasse
406 4152 529 4214 ssittm3
541 4153 591 4210 vul,
632 4152 738 4204 bantur.

57 4236 89 4284 nt
105 4227 233 4284 emenda
252 4227 394 4295 Acidaliau,
413 4231 547 4295 proparari
562 4237 592 4280 at
