2730 4726
127 295 215 366 15³6
367 310 591 362 usunnrrnr
615 310 848 364 enarrantur
871 313 983 363 serm

129 456 271 532 cunctis,
284 473 353 540 quo
366 475 434 535 ore,
451 474 520 539 qua
535 474 632 534 voce,
655 452 776 533 ‘Ara'
796 455 917 540 inquit,
938 456 1083 524 ‘consul
1093 460 1236 544 amplis·

70 624 73 630 ,
130 559 215 627 sime
228 556 270 623 l'h
315 561 483 644 Dignatus
498 559 615 625 osculo
631 558 697 623 illis
711 559 836 624 divinis
851 559 1232 643 affatibusconsecrari,

128 662 302 727 dexteram
322 662 429 738 dedit,
445 662 537 726 illam
553 660 739 736 dexteram,
754 662 940 726 immortale
956 663 1086 746 pignus
1100 665 1233 732 virtutis

127 771 162 830 et
176 765 265 830 fidei.
308 769 341 831 5.
364 764 483 829 Poetae
503 764 623 839 ferunt,
641 764 841 830 altissimum
856 764 961 840 illum,
978 772 1014 831 et
1033 775 1161 833 cuncta
1173 788 1233 852 pu·

129 874 253 933 testate
266 868 473 942 cohibentem
490 865 612 942 Deum,
626 866 685 948 qui
697 865 821 931 ditione
832 868 1123 951 perpetuadivina
1135 876 1233 955 atque

129 971 274 1037 humana
296 970 503 1046 moderatur,
524 987 600 1032 cum
622 968 789 1052 despiciat
809 970 845 1035 in
867 976 984 1047 terras,
999 969 1140 1037 habitui
1163 974 1231 1038 oris

129 1077 368 1157 tempestatum
387 1073 515 1138 incerta
538 1078 677 1144 mutare,
697 1075 772 1157 ejus
786 1080 870 1137 nutu
884 1074 1046 1138 mundum
1062 1078 1231 1141 tremisce-

130 1194 179 1254 re,
195 1177 286 1241 illius
300 1174 466 1240 hilaritate
485 1175 631 1266 turbines
645 1177 745 1258 abigi,
759 1177 867 1241 nubes
880 1177 1000 1262 fugari,
1016 1178 1162 1246 nitentia
1175 1199 1232 1264 per

131 1280 246 1344 orbem
262 1296 382 1343 serena
393 1278 534 1343 refundi.
868 1273 875 1290 ‘

174 1382 264 1448 Gne.
281 1397 403 1445 xxix.
439 1383 472 1445 l.
496 1381 575 1447 Hoc
601 1380 650 1446 ita
672 1401 760 1460 esse,
783 1383 887 1468 paulo
907 1388 983 1449 ante
1004 1384 1117 1449 oculis
1136 1385 1231 1450 licuit

130 1484 289 1567 experiri.
333 1482 373 1548 ln
396 1489 552 1566 quantam
574 1484 714 1548 laxatus
735 1491 789 1548 est
804 1484 963 1569 populus,
979 1491 1013 1550 te
1035 1489 1230 1553 oonsulibus

131 1587 201 1651 tuis
224 1585 403 1662 arridente,
418 1584 569 1650 laetitiam
582 1585 613 1650 is
652 1588 685 1652 2.
707 1586 866 1653 Vidimus
881 1589 1043 1653 attonitos
1065 1588 1231 1654 admiran-

130 1689 213 1755 tium
230 1688 353 1765 vultus,
368 1687 587 1753 multiformes
597 1689 786 1754 laetantium
798 1696 916 1768 status,
929 1692 1043 1756 varios
1055 1711 1231 1776 corporum

130 1799 254 1859 motus.
298 1791 471 1856 Clamores
484 1791 686 1858 inconditos
707 1794 930 1877 profundebat
944 1793 1106 1858 laudandi
1127 1795 1229 1861 effusa

130 1896 281 1962 libertas.
323 1895 546 1978 Tripudiabat
571 1897 697 1961 crebris
718 1897 860 1961 saltibus
881 1896 1070 1964 multitudo.
1114 1896 1152 1962 8.
1173 1897 1230 1963 Ni-

127 2000 210 2064 ·miee
232 2000 360 2064 laetitiae
386 1997 517 2062 decoris
541 2004 618 2062 sunt
640 2004 674 2062 et
697 1999 870 2081 gravitatis
893 1999 1124 2070 immemores.
1168 2001 1230 2066 llla

128 2101 274 2188 jactatio
290 2108 450 2182 togarum,
464 2101 524 2164 illa
538 2100 703 2166 exultatio
719 2121 897 2186 corporum
913 2103 1148 2169 nescientibus
1162 2123 1228 2188 pa-

131 2224 174 2269 ne
188 2204 378 2269 bominibus
393 2204 615 2269 excitabatur.
659 2206 693 2271 4.
716 2205 860 2271 Omnem
882 2205 1082 2270 modestiam
1102 2205 1230 2290 populi,

132 2326 265 2371 ornnem
301 2305 537 2370 verecundiam
571 2307 619 2372 tui
654 2308 780 2388 gaudia
809 2306 945 2372 effraena
973 2315 1226 2391 superaverant

133 2412 144 2444 ‘
153 2407 241 2488 Ave,
253 2409 368 2473 consul
384 2408 588 2492 amplissime
599 2409 616 2473 !’
652 2410 752 2475 Aveo
768 2409 878 2494 plane,
892 2409 1089 2494 Imperator,
1105 2419 1144 2476 et
1158 2431 1230 2477 ave·

125 2511 187 2576 bo.
230 2514 263 2576 5.
286 2509 408 2595 Neque
423 2512 512 2575 enim
524 2519 663 2576 eventus
678 2533 753 2578 esse
769 2519 880 2596 potest
895 2514 1001 2597 optati
1014 2513 1116 2596 hujus
1128 2515 1229 2578 ambi-

131 2626 260 2699 guus38
281 2634 359 2679 eum
387 2615 417 2678 is
447 2634 544 2680 avere
568 2615 699 2701 jubeat,
728 2617 787 2699 qui
812 2615 884 2700 jam
914 2615 1005 2695 lecit,
1031 2624 1070 2681 ut
1090 2604 1228 2682 averem.

160 2802 177 2847 f
190 2804 221 2852 ln
230 2807 341 2866 quarum
348 2801 463 2864 goudium
472 2801 562 2864 effusae
569 2805 604 2848 est
613 2801 720 2864 popular,
731 2800 787 2849 dum
798 2800 849 2849 tuis
856 2800 991 2850 ementibus
998 2798 1195 2852 manmena!
1226 2770 1228 2774 Ι

163 2877 177 2912 Ι
194 2870 276 2933 Neque
286 2868 348 2918 enim
354 2871 431 2932 puteat
441 2865 525 2914 dubius
535 2880 710 2916 arremarenses
720 2865 789 2925 bariae
798 2867 853 2914 voti·
860 2866 907 2916 rei.

590 2991 619 3010 ΙΙ
622 2989 770 3013 omnent

133 3098 238 3148 Puteal.
248 3097 363 3146 Rhenan.
376 3094 412 3144 Η.
424 3093 515 3155 Steph.
525 3092 607 3143 Lirin.
620 3092 707 3142 Rivin.
718 3092 752 3142 ai.
763 3099 829 3143 vett.
839 3099 914 3142 extat
927 3106 992 3143 vere
1003 3091 1029 3142 ia
1044 3093 1228 3144 VetaPuteau·

132 3164 235 3213 Bertin.
248 3163 360 3224 Guelpb.
374 3161 438 3208 Ere.
449 3160 592 3209 Schonlror.
603 3159 690 3207 Moerl.
707 3159 813 3220 cuspin.
831 3159 862 3208 P.
877 3159 966 3220 Stepb.
978 3164 1006 3207 et
1017 3165 1132 3208 recentt.
1165 3160 1228 3208 Vide

134 3230 211 3278 Nott.
222 3229 296 3277 Varr.
331 3227 446 3286 Digentia
456 3226 523 3288 conj.
536 3225 620 3273 Lirin.
648 3223 772 3283 Dignutnr
788 3241 809 3274 o.
824 3225 872 3272 oris
882 3224 947 3272 illias
956 3225 980 3272 d.
992 3239 1015 3272 a.
1026 3225 1163 3273 eeaeecruti
1173 3224 1228 3274 edd.

134 3301 194 3342 ante
203 3295 301 3355 danger.
325 3293 450 3352 Dignatus
459 3293 534 3340 orcula
545 3291 596 3339 illie
605 3291 661 3338 do.
671 3290 803 3337 consecrari
811 3290 932 3337 Moeubet
943 3288 1106 3402 Ouelpa-p
1120 3289 1230 3353 Guelplr.

132 3357 479 3420 rtruaetaportcubr'bentem.
513 3355 638 3403 Nonnulli
650 3369 690 3417 ap.
704 3354 817 3403 Putean.
829 3355 907 3404 belitae
917 3354 975 3402 oris.
1008 3354 1080 3404 Erre..
1105 3355 1229 3406 cbonlror.

134 3428 297 3485 tenrpeslutum
307 3427 379 3470 certa
413 3422 519 3484 Cuspio.
533 3435 577 3481 per
587 3437 608 3467 o.
620 3435 638 3465 s.
649 3418 764 3482 diffuffli

168 3489 234 3537 Car.
245 3499 328 3534 xxix.
364 3490 377 3532 l
395 3486 497 3534 Bertin.
515 3485 588 3532 oculis
600 3486 670 3547 puolo
680 3489 750 3541 anta·
768 3484 881 3547 Gnelplr.
896 3483 969 3533 ocutis
979 3484 1050 3545 paule
1060 3487 1117 3532 unte
1128 3483 1232 3549 experiri

134 3553 211 3603 licuit.
244 3553 274 3600 Iu
285 3568 308 3614 q.
320 3553 479 3600 lassatus-2
496 3551 599 3598 Puteal.
611 3550 726 3598 Rhenan.
739 3550 829 3612 Stepb.
843 3558 871 3597 et
888 3550 973 3597 Rivin.
986 3554 1009 3596 1.
1024 3563 1124 3610 corpore
1141 3555 1231 3606 ποίας

133 3621 195 3668 Vet.
207 3617 316 3666 Putean·
332 3616 447 3675 Gnelpb.
463 3621 490 3662 et
509 3615 573 3663 Erre.
592 3615 737 3663 Salienlror.
753 3629 874 3677 corporum
891 3616 1026 3662 motae-d
1042 3613 1130 3663 Nimia
1147 3615 1230 3664 maia

134 3685 204 3750 conj.
215 3682 353 3732 Meursins.
387 3681 440 3729 Pro
457 3681 554 3737 maome,
573 3680 656 3729 Lirin.
672 3679 739 3742 conj.
754 3679 888 3729 decori-5
906 3679 967 3729 Vet.
979 3678 1095 3727 Puteaa.
1110 3693 1183 3730 avere
1197 3694 1230 3728 me

624 3811 731 3862 NOTAE

167 3913 179 3947 ¹¹
198 3910 445 3976 Consulumplissime]
457 3913 549 3961 Utrum
560 3911 607 3960 boc
615 3911 660 3959 ho·
701 3924 747 3959 rue
769 3907 945 3971 pervenisset?
963 3905 1011 3954 ‘Is
1030 3904 1126 3967 eninr‚'
1149 3906 1230 3971 inquit

134 3992 203 4039 noris
212 3989 661 4051 tirumcotronesrabanturconsutas,
699 3986 797 4037 Tullius
809 4000 856 4048 pro
869 3984 961 4033 Roscio
976 3982 1101 4032 Amerino
1119 3997 1179 4046 cap.
1191 3988 1228 4032 85.

133 4078 163 4116 ut
176 4069 206 4115 ad
219 4068 306 4130 Epiur.
323 4080 364 4115 rx.
375 4072 397 4114 l.
414 4065 570 4127 Apollinaris
587 4066 660 4113 Sido·
699 4061 780 4112 imibi
799 4062 901 4109 videtur
919 4059 1098 4122 amplissimus,
1123 4063 1167 4123 qui
1186 4074 1229 4109 rue

135 4146 172 4192 nil
183 4144 302 4192 observat
316 4143 392 4192 Joan.
408 4142 524 4191 Sararo?
542 4157 574 4190 an
592 4141 660 4204 qnod
702 4141 799 4190 virtute
808 4139 833 4186 in
844 4139 959 4187 altiorem
972 4138 1056 4184 locam
1069 4136 1207 4198 pervenit!

135 4219 306 4269 Mamertinus
327 4220 359 4269 ad
381 4220 542 4269 consulatum
566 4218 660 4268 virtute
733 4218 741 4252 ¹
757 4215 864 4280 Habita]
875 4216 917 4265 Au
927 4209 1021 4264 bulitui
1035 4213 1192 4278 Quanquam
1203 4218 1230 4264 et
