2730 4726
471 333 637 383 turrano
662 330 752 381 sun.
789 331 845 380 xr.
860 317 893 382 6.
1145 318 1232 387 1509

132 468 238 546 dubia
254 485 482 557 contumaces,
496 479 531 542 in
547 479 729 543 redivivum
751 476 896 541 furorem
915 475 1069 540 nefandis
1085 476 1230 542 stimulis

130 583 325 649 excitatas!
369 581 456 660 Quae
472 582 586 646 omnia
600 582 817 657 obstinatam,
834 589 868 644 et
882 580 1087 644 immobilem
1103 580 1232 645 Princi-

130 687 188 770 pis
203 685 344 750 maximi
365 686 496 749 tandem
516 686 629 749 viuere
652 685 858 769 patientiam.
902 683 934 748 2.
958 682 1079 766 ltaque
1107 703 1183 746 cum
1199 686 1231 748 in

129 791 211 873 ipso
232 789 425 852 molimine⁰
447 788 674 872 oppressisset
693 786 908 851 Alamaniam
930 786 1155 862 rebellantem,
1173 789 1233 869 qui

129 889 238 974 paulo
255 896 331 954 ante
347 889 502 954 inaudita
517 889 695 971 regionum,
711 889 900 967 fluviorum,
921 888 1082 952 montium
1098 890 1233 953 nomina

130 994 282 1058 exercitu
297 994 424 1056 victore
440 999 709 1075 peragraverat,”¹
723 1011 782 1075 per
797 992 918 1056 ultima
931 991 1071 1055 ferarum
1085 992 1233 1073 gentium

129 1115 247 1177 regna,
263 1096 392 1159 calcata
408 1113 521 1175 regum
537 1095 651 1177 capita
668 1095 903 1178 supervolans,
920 1096 952 1157 in
976 1093 1087 1157 medio
1104 1092 1233 1178 lllyrici

130 1199 207 1262 sinu
224 1196 429 1279 improvisus
445 1197 616 1280 apparuit.
659 1196 691 1259 3.
714 1196 874 1262 Vidimus
888 1197 1003 1260 felices
1021 1196 1115 1261 illins
1130 1198 1232 1260 comi-

128 1307 184 1364 tes
205 1300 270 1364 viae
294 1280 481 1382 stupentes,
504 1300 633 1362 urbium
658 1300 802 1383 populos
817 1300 990 1364 dubitasse
1006 1301 1139 1364 credere
1155 1320 1232 1383 quae

131 1403 303 1467 videbant.
345 1404 377 1464 4.
401 1402 481 1466 Non
497 1402 594 1466 aliter
609 1409 840 1467 consternatas
855 1402 995 1466 arbitror
1015 1410 1142 1485 gentes,
1157 1423 1232 1486 quae
1281 1480 1286 1487 .

129 1507 248 1588 primae
259 1505 394 1587 lapsum
406 1505 494 1568 ooelo
506 1522 674 1588 excepere
687 1501 904 1569 Palladium.d
950 1504 1116 1587 Virgines,
1130 1506 1232 1589 pueri,

128 1606 290 1684 foeminae,
307 1606 458 1671 tremulae
487 1627 583 1684 anus,
608 1610 798 1671 titubantes·
814 1628 909 1671 senes
929 1628 995 1673 non
1019 1608 1090 1672 siue
1111 1620 1233 1690 magno

102 1724 105 1729 '
130 1710 290 1774 attoniti⁸
305 1710 437 1774 horrore
452 1711 633 1774 cernebant
647 1710 899 1793 Imperatorem,
909 1710 1042 1792 longam
1055 1711 1158 1787 viam,
1170 1711 1233 1774 sub

131 1814 282 1894 gravium
297 1832 462 1876 armorum
479 1832 592 1889 onere,
608 1816 804 1887 currentem,
819 1813 1032 1894 properantis
1048 1811 1233 1875 anhelitum

129 1916 206 1979 sine
222 1934 322 1978 sensu
336 1914 546 1979 lassitudinis
556 1926 571 1952 '⁸
587 1914 798 1991 crebriorem,
815 1914 972 1977 sudorum
990 1914 1081 1976 rivos
1095 1934 1155 1997 per
1168 1914 1234 1978 lor·

128 2017 178 2082 tia
193 2017 533 2095 colla>manantes,'et
555 2017 638 2080 iuter
665 2016 759 2080 illum
783 2016 941 2099 pulveris,
959 2017 1018 2099 qui
1040 2017 1177 2080 barbam
1199 2022 1234 2080 et

161 2182 171 2216 ⁸
187 2184 263 2233 Aetas
272 2185 298 2233 ia
307 2185 514 2244 assumserarem.

136 2247 142 2257 '
161 2255 182 2281 ¹⁸
202 2249 321 2326 Victorem
330 2250 462 2299 exereitum
472 2249 614 2297 traduxerat
624 2253 691 2297 trans
701 2247 818 2310 regiones,
821 2248 919 2314 fluvias,
930 2254 1020 2300 montes
1027 2263 1057 2298 oe
1065 2253 1130 2298 notos
1139 2246 1232 2312 quidem

129 2314 272 2428 deusrpppspi
282 2376 481 2440 defatigationem
492 2378 581 2427 sentire
589 2392 635 2425 aaa
647 2378 776 2427 uideretur.

128 2607 252 2656 adsereret
264 2605 357 2669 jugum.
389 2606 495 2654 Puteol.
520 2605 636 2654 Rhenau.
658 2607 749 2668 steph.
771 2605 855 2655 Lirin.
877 2604 963 2656 Rivin.
987 2606 1115 2655 irredieioo
1130 2606 1233 2667 serare,

129 2672 244 2733 Guelpb.
265 2673 321 2721 Vet.
340 2671 452 2720 Putean.
468 2672 530 2719 Vet.
548 2671 631 2718 Lirin.
650 2672 715 2720 Erro.
734 2671 817 2732 Lang.
838 2671 939 2720 Berlin:
958 2671 1024 2720 Erre.
1039 2671 1181 2721 Schonlrov.
1199 2672 1232 2722 P.

128 2736 221 2798 steph.
232 2736 310 2786 Grut.
319 2745 346 2785 et
359 2744 469 2785 recentt.
479 2736 506 2784 ia
517 2737 648 2784 redivivum
651 2736 767 2795 furorem.
792 2736 866 2798 Mox,
879 2736 941 2792 Qaae
952 2751 974 2784 o.
983 2737 1101 2785 obstinata
1115 2738 1232 2786 Rheusu.

128 2809 159 2850 et
176 2802 210 2850 sl.
226 2811 290 2851 retr.
317 2801 440 2865 Principis
455 2801 866 2863 easremssnenan.11.stepn.et
880 2802 965 2850 Rivin.
993 2802 1117 2864 Principis
1134 2803 1234 2852 maxim

129 2867 225 2915 tandm
246 2868 308 2916 Vet.
327 2867 439 2915 Putesn.
462 2876 489 2916 et
507 2866 567 2916 edd.
587 2874 698 2915 reeentt.
727 2863 768 2915 Cf.
787 2881 865 2928 snpra
887 2881 920 2915 rr.
942 2867 1118 2930 6.-21tuque
1138 2883 1159 2916 a.
1181 2868 1232 2930 ipso

129 2931 243 2995 Guelpb.
255 2933 370 2980 ltlreuau.
378 2931 470 2994 Steph.
481 2932 564 2980 Lirin.
576 2932 661 2980 Rivin.
679 2932 830 2994 nequeatis
842 2932 891 2995 ipso
903 2933 967 2980 Erro.
979 2931 1120 2980 Scbonlrov.
1129 2933 1232 2984 Bertiu.

130 2997 239 3060 Cuspio.
251 2997 328 3045 Grut.
340 3006 367 3045 et
381 3005 490 3046 recentt.
515 2996 612 3060 Illyriai
624 2999 690 3045 sinus
705 2997 792 3045 Moerl.
809 2997 913 3045 Puteal.
925 2996 1042 3046 Rhenau.
1053 2998 1143 3059 Stepb.
1155 2999 1234 3048 Pata-

129 3063 191 3111 rol.-
210 3061 227 3110 1
243 3062 298 3111 siaa
315 3063 382 3126 conj.
401 3064 509 3112 Ritters.
529 3070 684 3123 receperunt
704 3063 800 3110 Cellas.
819 3070 847 3112 et
871 3063 956 3112 Banu.
979 3062 1119 3125 improvisas
1140 3065 1233 3127 apersit

129 3127 236 3176 Puteal.
248 3127 355 3189 Cuspin.
368 3127 403 3176 H.
416 3129 509 3190 Stepb.
521 3127 639 3178 Rhenan.
651 3126 743 3187 Steplr.
753 3134 780 3176 et
792 3127 878 3176 Rivis.
895 3128 913 3176 i.
924 3129 1037 3190 apparuit
1049 3129 1108 3178 vet.
1120 3129 1234 3179 Putesn.

130 3192 244 3255 Guelplr.
256 3194 341 3242 Lirin.
351 3201 378 3241 et
391 3202 503 3242 recentt.
517 3201 544 3240 et
556 3192 593 3241 sio
605 3195 672 3254 conj.
684 3193 850 3241 Rhenum-³
868 3193 969 3241 Berlin.
981 3193 1027 3241 oioe
1038 3195 1140 3244 comites.
1159 3195 1233 3257 Mox,

128 3256 258 3311 dubitasse,
269 3261 391 3308 crederent
402 3259 471 3320 conj.
485 3256 623 3307 Arata-d
641 3259 709 3306 Edd.
719 3265 785 3307 vett.
796 3273 849 3320 quae
856 3260 990 3320 prolapsum
1000 3260 1064 3309 eoela.
1081 3259 1150 3309 Vide
1161 3261 1234 3312 Nott.

129 3318 209 3373 verr.
234 3329 390 3387 properantes
399 3324 516 3374 anhelitus
525 3323 594 3386 conj.
605 3323 709 3372 Acidal.
736 3322 865 3374 crebriores
874 3338 895 3373 s.
905 3325 969 3372 riuos
977 3324 1036 3373 edd.
1046 3334 1111 3375 vett.
1132 3328 1233 3376 eretria·

629 3454 736 3504 NOTAE
826 3444 828 3453 ’

161 3541 174 3568 ⁰
190 3533 222 3584 la
239 3535 290 3599 ipso
311 3534 440 3598 molimine]
468 3536 501 3586 Id
524 3545 574 3601 est,
596 3543 661 3599 tum,
703 3544 784 3593 retur,
796 3536 937 3586 Diomedes
954 3544 981 3586 et
993 3537 1099 3602 Ulysses
1109 3536 1189 3588 fatale
1201 3539 1232 3587 ll·

129 3625 189 3662 curu
207 3626 289 3675 prope
307 3612 398 3661 abesse
415 3613 544 3670 erederet,
557 3619 587 3662 ut
599 3614 661 3663 Gal·
701 3615 745 3664 lud
758 3618 858 3678 signum
876 3617 1046 3666 sustulerunt.
1080 3618 1139 3666 Nee
1151 3618 1232 3667 multo

128 3689 178 3738 liss
192 3688 335 3737 invaderet.
702 3700 760 3754 post
769 3691 855 3742 Graeci
864 3693 1042 3756 Trojam,post
1053 3692 1143 3742 decem
1155 3706 1233 3741 anno·

160 3763 174 3798 ⁶
190 3763 339 3829 Palladiam]
364 3763 479 3814 Palladis
498 3764 660 3814 simulacrum
702 3784 757 3818 rum
769 3767 1056 3832 obsidionem,tutelari
1068 3769 1116 3818 boc
1128 3770 1232 3819 numine

127 3840 188 3899 suit,
209 3841 276 3905 qnod
300 3855 331 3890 eo
354 3848 470 3904 tempore
492 3857 543 3905 quo
566 3855 612 3890 ara
634 3848 661 3890 et
701 3847 837 3908 spoliatam
856 3845 1049 3897 subverterunt.
1082 3847 1157 3909 virg.
1174 3847 1230 3898 AEn.

129 3919 257 3982 templum
285 3919 412 3966 Minervae
443 3916 600 3972 struebatur,
628 3919 660 3966 de
703 3935 734 3970 rr.
746 3925 802 3970 163.

127 3997 196 4045 eoelo
218 3995 319 4056 lapsum
342 3993 391 4043 sibi
416 3995 441 4042 in
463 3995 561 4057 templo
589 3994 660 4054 legit.
734 3999 818 4046 eNoa
829 3998 880 4047 siae
891 4013 975 4059 magno
987 3997 1093 4054 attoniti,
1104 3997 1157 4061 be]
1169 3999 1231 4048 For·

127 4074 197 4126 Quis
207 4082 293 4121 autem
306 4079 362 4120 erat
373 4072 399 4119 iu
411 4069 471 4120 fatis
490 4071 588 4120 tamdiu
598 4071 661 4120 Tro·
702 4079 728 4125 te
744 4074 890 4126 inducenda
907 4075 963 4124 baeo
981 4083 1110 4138 postrema
1129 4090 1177 4124 vox
1193 4081 1233 4126 at·

124 4151 181 4216 jam
199 4151 354 4200 ineolumem
369 4148 436 4206 fore,
452 4149 575 4215 quamdiu
592 4149 661 4198 intra
701 4152 780 4201 turriti.

129 4230 186 4293 ejus
204 4228 299 4278 moeuis
314 4227 480 4278 simulacrum
489 4224 556 4276 illud
574 4240 661 4277 servs·
