2730 4726
398 336 666 386 couscuurmo
692 335 781 386 nuc.
820 336 904 385 vru.
919 321 974 384 14.
1146 323 1232 389 1401

129 482 265 566 gaudiis
285 486 487 564 perstrepet,
503 487 547 557 ct,
562 500 636 544 cnm
651 479 886 562 proficisceris,
900 481 1043 544 fortasse
1060 478 1231 544 retinebit.

129 586 243 648 Dabis
260 585 349 648 enim
365 584 491 647 veniam
509 583 616 646 amori
630 591 757 658 nostre,
773 580 1039 647 contumeliumW
1058 581 1156 645 feres.
1199 584 1231 646 5.

130 687 291 751 Omnium
313 687 360 750 sis
380 686 459 749 licet
478 685 634 748 dominus
651 685 791 761 urbium,
807 685 955 748 omnium
971 684 1156 762 nationum,
1172 704 1232 748 nos

130 799 243 854 tamen
267 790 366 852 etiam
386 806 508 851 nomen
528 788 724 870 accepimus
741 795 834 851 tunm
852 787 937 871 jam,
954 807 1019 850 non
1040 787 1231 870 antiquum3

128 892 289 956 Bibracte
311 889 470 974 quidem¹
492 888 665 972 hucusque
689 888 780 953 dicta
798 895 849 953 est
863 889 886 952 J
890 889 970 966 ulia,
986 888 1081 968 Pola,
1099 888 1234 953 Floren-

129 996 199 1074 tia3
223 992 283 1057 sed
299 992 418 1058 Flavia
432 995 484 1056 est
500 991 620 1056 civitas
633 991 835 1058 AEduorum.

589 1155 771 1179 &ettennon

127 1268 239 1330 tegetur,
262 1265 346 1329 potior
368 1266 442 1314 uobis
465 1269 507 1314 eet
526 1266 660 1332 ‘sententia
680 1266 799 1316 Livineii.
832 1265 911 1315 Filius
930 1265 998 1315 enim
1015 1265 1175 1316 Constantini
1193 1267 1232 1317 di·

128 1334 199 1382 citur
216 1331 393 1381 tautummodo
415 1332 481 1395 qunti
502 1332 587 1379 socius
609 1331 768 1394 mejestatie3
786 1337 813 1381 et
831 1333 878 1391 sic,
895 1339 971 1393 puto,
991 1332 1041 1379 dici
1062 1333 1154 1392 potnit,
1170 1333 1232 1384 ticet

129 1397 243 1446 nondum
265 1412 292 1446 re
313 1397 368 1459 ipse
391 1403 462 1444 emet
483 1397 581 1444 Caecar.
604 1397 671 1446 Ptin.
691 1397 775 1458 Epist.
797 1410 860 1446 vlu.
881 1401 920 1445 16.
939 1401 962 1446 l.
985 1397 1114 1458 permittit
1140 1399 1231 1460 servir,

127 1462 136 1488 ⁴
149 1463 222 1526 quasi
236 1459 407 1512 testamente’
423 1461 522 1517 facere,
542 1477 598 1524 quae
616 1461 736 1524 legitimis
747 1468 923 1525 opponuntur.
936 1477 956 1511 s.
967 1465 991 1510 2.
1018 1462 1147 1510 Servis-⁸
1158 1467 1232 1526 quasi

128 1526 239 1576 civitas'
258 1537 300 1575 est
323 1526 431 1588 dornue;
455 1540 512 1589 quae
537 1541 552 1574 a
578 1540 639 1575 vera
662 1527 770 1576 civitate
792 1527 967 1588 distinguitur.
1007 1527 1131 1575 Similiter
1152 1530 1231 1579 etiem

129 1593 201 1654 quari
220 1593 298 1640 cecini
315 1593 446 1652 mejestatis
462 1605 518 1640 erse
533 1595 631 1654 potest,
651 1592 694 1654 qui
714 1607 729 1639 a
747 1606 808 1641 vero
827 1595 906 1647 socio,
926 1593 943 1642 i.
961 1606 984 1640 e.
1010 1592 1114 1640 Caesare
1134 1591 1232 1657 differt,

129 1671 240 1720 eamque
259 1657 412 1718 dignitatem
436 1657 548 1705 nondum
577 1664 618 1705 est
641 1656 813 1708 consecutus!
836 1659 928 1719 Jeger.
971 1657 1038 1705 Vide
1059 1658 1134 1706 Nott.
1154 1659 1233 1708 Varr.

129 1722 205 1784 Mox,
222 1727 271 1771 trroe
287 1723 360 1770 deest
379 1723 405 1770 in
417 1721 477 1770 Vct
492 1721 604 1770 Putean.
620 1729 648 1771 et
668 1722 780 1784 Gueiph.
797 1723 885 1771 amoris
903 1723 979 1770 nostri
998 1721 1058 1773 edd.
1075 1731 1142 1771 vett.
1157 1725 1234 1773 umori

127 1792 210 1836 ποιέω
236 1786 396 1850 Guetptr.-b
422 1784 529 1848 Cuspin.
557 1787 672 1835 Rhenum
702 1787 828 1849 Stephnn.
852 1788 935 1837 Lirin.
958 1787 1045 1836 Rivin.
1067 1788 1100 1836 at.
1122 1795 1188 1837 vett.
1207 1794 1233 1838 et

127 1865 229 1909 ttbnten,¹
246 1852 308 1900 Vet.
329 1853 440 1901 Puteau.
457 1852 520 1901 Vct.
538 1851 622 1900 Lirin.
642 1852 743 1900 Bertin.
760 1852 846 1899 Moerl.
866 1851 979 1912 Guelph.
998 1866 1056 1900 cum
1073 1852 1133 1900 edd.
1152 1853 1231 1904 Grut.

128 1923 157 1964 et
170 1924 278 1967 recenti.
295 1916 367 1966 etium
384 1931 474 1965 nomen.
508 1917 612 1964 Puteoi.
625 1926 651 1963 et
664 1916 747 1964 Lirin.
758 1916 886 1965 Bribructe
893 1932 903 1973 ,·
921 1918 982 1981 Veii
995 1917 1106 1965 Puteum
1118 1917 1232 1978 Guetph.

129 1981 193 2030 Vet.
208 1981 290 2030 Lirin.
308 1982 423 2030 Rirenau.
440 1982 564 2030 Chusseu.
582 1980 705 2029 Bibracte.
740 1981 792 2028 Pro
803 1981 905 2043 quidem,
918 1981 978 2030 Vet.
990 1982 1102 2032 Putenn.
1115 1981 1177 2029 Vet.
1190 1983 1232 2032 Li·

128 2047 298 2096 vin.'Bertin.
316 2046 428 2107 Gneipir.
447 2046 554 2108 cuspin.
573 2053 599 2093 et
613 2046 678 2093 Erre·
696 2045 841 2094 Schonirov.
859 2046 955 2095 habent
971 2048 1041 2108 quod.
1075 2046 1142 2095 Vide
1156 2048 1232 2097 Nott.

129 2111 209 2161 Veri.
225 2113 293 2160 dulia
311 2111 382 2159 Pelia
402 2110 605 2171 Cuspin.Livin.
618 2109 694 2158 Grut.
708 2111 792 2160 Paris.
812 2111 926 2159 Patami.
944 2111 1032 2160 ‘Hinc
1050 2120 1148 2174 pugnat
1162 2112 1231 2160 Livi-

128 2176 204 2225 neius
216 2176 338 2224 adversus
349 2175 446 2226 Jntium
459 2176 561 2224 Potium
576 2173 752 2222 Florentium.¹
763 2175 855 2236 Joeger.
880 2176 960 2236 dulia,
972 2176 1041 2225 Potin
1051 2177 1143 2239 Stepb.
1154 2177 1231 2232 dulia,

128 2241 191 2289 Pete
203 2240 284 2289 Brun.
296 2246 323 2288 et
335 2240 432 2290 Celtae.
450 2239 709 2302 ‘Interpunctionem
723 2247 793 2288 recte
808 2241 862 2300 jam
875 2240 952 2289 habet
964 2240 1082 2291 Rhenum
1105 2243 1145 2291 De
1156 2240 1233 2301 Pela,

126 2305 199 2355 dulia
212 2304 291 2360 dictu,
305 2304 364 2354 ride
376 2304 509 2355 Valerium
521 2305 553 2354 ed
566 2304 829 2354 Ammian.x1v.ll.’
847 2306 932 2354 Arntz.

627 2441 734 2492 NOTAE

162 2546 178 2571 '¹
190 2537 275 2588 Amori
285 2541 376 2597 nostro,
389 2540 489 2605 [umoris
498 2539 590 2602 nostri]
604 2554 658 2588 con·
699 2539 796 2596 Istriae,
809 2545 836 2589 et
848 2539 981 2590 Florentia
990 2539 1143 2603 Tuscorum,
1156 2555 1170 2589 a
1182 2529 1231 2593 Juss

127 2613 262 2677 tumetium]
286 2615 362 2666 Quod
375 2631 433 2664 curn
446 2616 598 2679 injuriosum
611 2616 659 2666 tibi
699 2615 733 2665 tic
746 2616 850 2666 Curare
862 2630 955 2666 nomen
966 2623 1133 2680 acceperunt,
1144 2624 1169 2666 et
1182 2609 1230 2669 Juss

126 2706 187 2741 esec
207 2690 336 2753 videatur,
354 2700 441 2742 temen
461 2707 493 2741 ex
514 2707 600 2742 umore
621 2692 658 2742 tui
699 2692 740 2741 iiae
751 2693 1023 2756 nuutcoguominetae:
1041 2700 1068 2741 et
1080 2692 1172 2742 ciritae
1184 2688 1229 2741 AEss

127 2767 263 2819 faciemus.
303 2769 304 2773 ’
699 2768 808 2818 dirorum
825 2769 956 2831 primaria,
967 2768 1086 2816 nimirum
1098 2766 1229 2829 Augusto·

160 2851 175 2878 ¹
186 2844 302 2893 Bibracte
312 2844 417 2908 quidem]
439 2845 498 2893 Hoc
511 2852 560 2902 eet,
572 2845 657 2910 inquit
697 2844 802 2900 dunum,
815 2859 831 2894 a
842 2844 931 2893 Flavio
940 2843 1120 2904 Constantino,
1129 2849 1156 2891 et
1168 2843 1228 2891 Fu·

127 2920 248 2969 Valesius
270 2920 295 2966 in
319 2934 365 2968 cua
389 2920 483 2969 notitia
504 2919 656 2981 Galliarum,
697 2921 737 2969 rio
761 2921 922 2980 Constantio,
945 2918 1139 2968 restitutoribue
1164 2919 1229 2982 nuic,

127 2997 245 3047 Bibracte
254 2995 357 3060 quidem
370 2996 394 3044 in
408 2996 507 3053 AEduir,
516 3003 543 3046 ut
553 3004 581 3047 et
592 2997 656 3048 Pola
696 2996 889 3052 Plurimincolee
896 2995 1228 3060 Fieriensereppeiiantur.
