2730 4726
384 303 457 353 ruo
482 302 665 353 insanus.
686 301 856 352 scaonis.
892 301 943 352 tv.
958 286 1011 353 16.
1158 286 1246 358 lass

148 447 306 526 hibentur,
320 455 360 514 ut
374 447 576 514 ducentibus
591 449 756 535 subrecta
774 446 935 524 modulis,
951 452 988 514 et
1009 445 1054 512 ad
1069 445 1245 514 intervalla

145 551 330 616 carminum
346 551 552 629 resistentia,
568 557 688 633 sponte
707 570 848 626 murum,
864 550 955 615 velut
970 557 1054 627 arte,
1070 558 1244 615 construe·

143 659 225 731 runt,
240 661 370 735 quanta
384 653 419 717 in
436 654 488 717 his
503 653 750 736 Imperatorum
765 662 799 719 et
815 652 988 718 Caesarum
1010 653 1116 719 literis
1136 653 1243 734 inest;

140 757 200 841 qui
218 757 360 835 domini,
375 757 560 822 animorum
575 757 737 839 impetuS,
758 756 968 841 effectusque
987 775 1094 820 rerum
1110 755 1244 831 ciendo,

139 859 212 922 suis
236 866 341 941 atque
365 859 463 923 etiam
491 857 716 941 permovendo
741 859 902 937 consiliis,
927 879 986 942 per
1011 857 1101 942 quod
1118 856 1243 941 vjubere

137 969 299 1043 possunt,
316 959 457 1025 sundere
473 961 672 1043 dignantur:
694 961 729 1026 3.
751 969 796 1039 et,
812 981 888 1026 cum
904 962 959 1027 vel
976 963 1101 1027 tacitas
1115 979 1242 1036 eorum,
1317 946 1320 952 ’

137 1082 179 1128 ac
195 1063 293 1128 vultu
310 1072 407 1129 tenus
423 1064 632 1146 significatas
649 1064 839 1129 uoluntates
860 1065 981 1129 summi
1002 1065 1107 1149 patris
1124 1082 1244 1146 sequa·

137 1170 192 1229 tur
207 1167 407 1243 auctoritas,
422 1165 520 1250 cujus
537 1174 650 1230 nutum
675 1168 997 1251 promissionemque
1016 1166 1244 1234 firmantiam·

137 1268 209 1332 tius
234 1269 348 1333 mundi
370 1275 491 1333 tremor
513 1270 634 1348 sentit;
658 1269 724 1351 ipsi
746 1276 854 1334 tamen
877 1269 963 1333 ultro
978 1268 1164 1351 imperandi
1179 1288 1243 1352 po·

135 1375 295 1435 testatem
310 1370 509 1436 cohortandi
525 1371 728 1436 humanitate
744 1372 936 1436 conciliant.
980 1372 1013 1437 4.
1032 1369 1241 1449 Quinetiam

135 1470 296 1537 laudibus
323 1472 475 1551 incitant,
499 1473 696 1556 gravitatem
720 1494 860 1553 morum,
884 1473 1016 1541 dicendi
1041 1474 1242 1540 facultatem

135 1574 203 1638 sibi
219 1576 399 1658 probatam
423 1580 458 1641 et
477 1576 646 1658 cognitam
667 1577 908 1661 praedieentes;
931 1576 1080 1642 Palatini
1105 1578 1240 1647 honoris

134 1677 349 1760 privilegium
373 1678 526 1758 oratoriae
550 1677 753 1760 professioni
776 1679 907 1744 salvum
928 1684 961 1743 et
981 1680 1151 1744 incolume
1174 1700 1241 1745 ser·

134 1785 269 1845 rantes.
313 1781 344 1844 5.
370 1777 503 1857 Quibus
524 1801 587 1863 ego
609 1781 734 1846 div'inae
753 1782 972 1864 benignitatis
985 1781 1163 1859 illecebris,
1179 1785 1240 1848 eti·

136 1883 225 1945 amsi
242 1881 332 1946 omni
349 1901 452 1946 sensu
474 1890 550 1946 ante
572 1885 770 1960 caruissem,
787 1884 829 1948 ad
852 1885 1007 1968 quamvis
1029 1885 1177 1967 protecto
1192 1888 1243 1948 iu·

135 1982 355 2066 telligentiam
371 2004 528 2062 moverer,
545 1993 580 2049 et
600 1987 807 2051 adducerer:
838 1986 1003 2070 siquidem
1019 1993 1127 2051 tantos
1144 1988 1239 2052 Prin·
1269 2000 1271 2005 “

135 2086 233 2168 cipes
249 2107 349 2150 unum
364 2087 532 2152 hominem
556 2095 652 2153 tauta
672 2089 773 2153 laude
795 2090 964 2166 decorare,
978 2109 1046 2153 non
1062 2099 1113 2155 est
1130 2096 1239 2157 orato·

135 2207 208 2252 rem
224 2189 410 2267 admonere,
428 2191 487 2253 sed
503 2191 623 2255 facere.

180 2290 272 2356 Gau.
288 2306 371 2355 xvr.
415 2293 447 2356 1.
471 2290 565 2371 Quid
579 2295 678 2377 igitur
688 2295 771 2359 mibi
787 2315 863 2360 cnm
878 2301 1052 2360 numerata
1067 2297 1239 2380 pecnnia?

132 2393 238 2465 immo
254 2395 337 2479 quid
353 2415 428 2461 cum
451 2396 527 2462 ullis
548 2399 674 2480 opibus
697 2404 755 2463 ant
769 2397 876 2465 Midae
895 2396 1014 2482 regis,b
1034 2407 1090 2465 aut
1105 2398 1239 2480 Croesi,c

131 2688 250 2737 menan.
262 2691 290 2734 et
300 2683 386 2734 Riuin.
401 2689 610 2744 renumerantur:
627 2686 696 2738 uude
707 2688 827 2738 leduln.
843 2689 870 2738 in
881 2703 972 2737 maram
982 2689 1046 2737 aelst
1056 2694 1109 2738 arte
1119 2695 1238 2740 construe·

131 2758 233 2809 restant
250 2750 326 2800 codd.
338 2750 407 2798 titud.
420 2757 446 2798 et
459 2751 544 2801 Moerl.
561 2753 746 2812 condituram
764 2755 825 2804 Vet.
844 2755 957 2804 Pntenn.
974 2754 1016 2802 alii
1037 2753 1112 2803 codd.
1131 2763 1159 2802 et
1177 2755 1237 2805 edd.

130 2820 306 2868 contererent.
331 2814 466 2877 ‘insignis
480 2815 505 2863 b.
518 2816 539 2866 l.
554 2818 665 2867 varietas
682 2821 820 2881 scripture
837 2825 877 2868 est
893 2820 918 2866 iu
935 2817 994 2868 cod.
1013 2817 1100 2868 Muri.
1117 2820 1192 2882 cujus
1210 2820 1238 2870 iu

131 2885 203 2931 nullo
216 2882 268 2930 alio
279 2886 390 2943 apparet
402 2880 548 2942 vestigium.
566 2882 671 2943 Legitur
682 2886 824 2946 ite‚quaatc
836 2884 861 2932 iu
872 2883 1020 2946 &stuppa
1029 2883 1104 2932 Coess.
1114 2883 1237 2943 titanae.-

132 2949 176 3011 qta'
190 2946 281 2997 domim
296 2945 428 2995 crimmum
443 2946 546 3007 turpetur
559 2945 703 3012 effectusque
713 2963 793 2998 remea
802 2950 884 2998 ciendo
893 2949 959 2997 aab:
974 2955 1044 3010 atque
1060 2949 1132 2997 etium
1145 2964 1236 3012 promo·

132 3012 207 3062 nendo
217 3009 323 3060 eonrdiir
335 3024 379 3073 per
390 3012 450 3072 qaod
460 3008 544 3069 jubere
555 3019 663 3074 possunt,
675 3015 774 3064 eandm
785 3015 924 3076 dignantur.
950 3014 989 3062 Ex
1002 3011 1095 3076 quibas
1108 3015 1203 3079 uerbis,
1214 3017 1237 3069 si

130 3078 213 3127 lertio
225 3075 330 3136 vulgata
341 3076 474 3124 videretur
486 3076 618 3132 mittenda,
631 3079 788 3140 transposito
799 3081 834 3141 τῷ
844 3079 939 3139 euis,et
950 3086 1009 3141 port
1020 3082 1090 3138 utque
1100 3080 1173 3129 etiam
1182 3082 1238 3130 col·

130 3144 230 3198 locnta,
241 3146 268 3189 st
279 3141 368 3203 ejecto
383 3141 418 3202 τῷ
430 3154 474 3202 per
489 3147 549 3189 ante
561 3143 621 3204 quod
632 3141 725 3203 jubere,
738 3144 779 3192 vel
791 3144 816 3192 in
828 3144 854 3192 id
865 3151 974 3199 mittete,
986 3157 1087 3192 sensium
1101 3159 1151 3193 non
1164 3147 1237 3208 inep-

132 3216 189 3273 tum
202 3219 291 3270 posses
301 3206 407 3254 elicere.
433 3204 504 3256 (ind.
517 3205 721 3268 praesentiscat:
736 3210 778 3271 qui
787 3209 871 3258 driade
881 3207 949 3271 imp!
959 3207 1057 3271 Juger.
1082 3210 1147 3260 Vide
1159 3211 1237 3262 Nott.

129 3274 209 3324 Vm.
242 3269 310 3321 Edu.
321 3276 385 3320 vett.
396 3269 480 3330 jubere
490 3272 601 3333 pterim,-
617 3272 680 3322 Vet.
691 3275 804 3322 Putesn.
815 3275 878 3323 vet.
893 3274 977 3322 Lirin.
992 3274 1087 3334 allique
1104 3276 1179 3325 codd.
1190 3276 1236 3337 js·

131 3338 187 3388 bere
200 3340 358 3400 metuat-tt
376 3334 429 3384 Pro
440 3334 574 3400 firmantia,
586 3337 669 3387 Lirin.
680 3338 749 3400 conj.
759 3338 920 3402 flammantis,
936 3340 1099 3402 improbante
1111 3341 1235 3393 Grutero.

128 3406 180 3453 -4
198 3401 311 3464 Gnelplr.
325 3400 474 3461 grauitatem
484 3415 573 3450 morum
583 3404 836 3466 ...predicantis-5
851 3402 935 3452 ‘Mira
946 3404 987 3454 bic
999 3404 1140 3454 lectionum
1154 3408 1236 3458 varie·

129 3475 189 3518 tas:
207 3480 290 3515 comer
300 3465 439 3524 adducerer,
451 3465 521 3513 nulla
533 3467 672 3527 sententia,
686 3468 788 3517 Putaui.
801 3469 916 3517 Rbenan.
928 3475 955 3517 et
967 3468 1002 3516 Η.
1013 3469 1103 3532 Steplt.
1138 3471 1178 3520 Ex
1196 3486 1236 3520 ar·

129 3532 210 3581 bitrio
220 3530 342 3580 Balduin.
352 3529 534 3590 intelligentium
543 3531 621 3580 osefis
631 3534 775 3591 adducerem
786 3534 861 3594 petilo
871 3534 961 3582 melius
971 3533 1055 3582 Lirin.
1065 3543 1092 3582 et
1104 3535 1134 3584 P.
1143 3537 1235 3602 Stepb.

128 3597 315 3657 iuteltigeatiom
324 3595 466 3652 adducerer:
485 3596 570 3645 Rivis.
582 3597 766 3657 intelligentium
777 3611 846 3646 onere
856 3600 1002 3656 adducerem
1014 3599 1091 3649 Grnt.
1099 3601 1236 3664 intelligen-

129 3663 190 3712 rica
204 3666 308 3710 maeret
323 3674 351 3708 ac
364 3662 475 3719 ducerem
492 3661 576 3710 Birta.
592 3675 683 3712 morere
700 3678 727 3710 oc
742 3665 843 3720 durem
860 3664 954 3713 Celtsr.
968 3664 1085 3714 Paterol.
1096 3673 1123 3713 et
1135 3666 1235 3729 leger.

128 3727 392 3785 mnerucduterer,
409 3727 477 3788 qnod
499 3726 578 3776 etiam
595 3727 621 3777 iu
639 3728 703 3776 Ere.
721 3727 815 3777 Sebon.
827 3735 868 3778 est
884 3737 1011 3779 notatum.
1045 3731 1183 3792 Pleraque
1194 3732 1234 3780 bas

129 3793 258 3844 lectiones
269 3790 391 3839 videntur
403 3804 434 3838 ex
447 3791 617 3856 interpretum
629 3791 740 3843 arbitrio
751 3791 880 3842 cantictae.
903 3794 1049 3845 Secundum
1061 3794 1138 3846 codd.
1146 3796 1235 3844 Mnnrl.

128 3866 158 3908 et
170 3855 287 3917 Gnelpb.
299 3855 382 3904 locum
394 3855 528 3920 expressi!
544 3857 631 3908 Arata.
665 3857 719 3908 Pro
737 3873 810 3908 uram
826 3857 953 3924 bominem,
964 3859 1067 3913 Acidul.
1078 3859 1148 3924 conj.
1164 3859 1235 3911 mini·

130 3937 195 3973 maur
209 3921 334 3970 bominem.
1112 3947 1115 3954 ν

627 4019 737 4071 NOTAE

160 4121 173 4156 b
191 4115 270 4166 Mida
290 4086 368 4178 ragis]
383 4113 479 4170 Midas
498 4115 593 4166 Gordii
614 4117 659 4168 bn·
701 4134 747 4170 rex
766 4118 991 4185 locupletissimus,
1009 4118 1052 4182 qui
1069 4123 1238 4174 cttmallae.

127 4193 198 4250 bulci
218 4191 285 4243 lilim
307 4189 367 4255 t'nit,
393 4191 515 4258 idemque
536 4194 660 4260 Pbrygiae
701 4198 761 4263 ebo,
782 4212 859 4264 quern
880 4211 928 4262 pro
948 4196 1060 4261 bospitio
1083 4209 1238 4267 acceperet,
