2730 4726
378 321 451 371 ruo
476 317 852 369 tnsrnult.sct10nls.
890 320 941 371 rv.
957 304 1011 371 ll.
1158 306 1246 374 1249

120 509 145 522 ··
184 468 278 535 Ger.
295 482 336 530 x.
379 465 413 529 1.
436 465 542 548 Igitur
560 465 609 529 ibi
625 441 777 530 maxime
788 473 824 530 et
839 469 983 549 oportet,
1003 470 1036 530 et
1049 465 1103 530 fas
1118 473 1171 532 est
1185 485 1246 539 ex-

138 587 259 639 ercere
272 569 463 655 juventutis
486 568 632 650 ingenia,
655 568 712 632 ubi
729 577 796 634 tam
811 570 1003 652 propinqua
1018 575 1095 633 sunt
1109 571 1247 637 numine

141 675 258 740 amica
272 671 444 747 doctrinae,
459 670 519 734 ubi
540 680 583 734 cx
605 671 761 754 proximo
780 671 881 755 juvat
897 690 990 734 mens
1005 669 1137 736 divina⁸
1154 675 1248 756 sapi·

141 777 280 853 entium,
296 781 342 844 ‚et
359 773 541 837 carminum
566 773 662 837 Deus
682 793 813 852 vocem,
835 782 870 837 et
890 774 1126 838 verecundiam
1150 776 1247 858 virgo

141 873 334 963 perpetua}
357 882 392 941 et
417 875 664 960 providentiam
689 877 855 959 preescins
881 877 1092 941 futurorum.g
1133 875 1167 942 2.
1191 876 1247 941 Ibi

143 982 379 1047 adolescentes
403 979 522 1062 optimi
545 977 690 1056 discant,
711 979 810 1043 nubis
834 979 936 1063 quasi
962 978 1101 1042 solenne
1116 996 1247 1044 carmen

142 1083 379 1169 praesentibus,
394 1082 617 1145 maximorum
628 1080 824 1165 Principum
835 1081 928 1146 saeta
942 1081 1135 1145 celebrare·
1157 1079 1247 1159 Quis

131 1186 231 1250 ⁴enim
247 1184 366 1248 melior
381 1202 461 1247 usus
474 1189 529 1246 est
544 1183 761 1266 eloquentiae,
785 1203 886 1266 qnam
908 1188 957 1263 ut,
980 1190 1056 1246 ante
1077 1203 1151 1248 aras
1165 1203 1249 1267 quo-

144 1287 329 1353 dammodo
352 1305 445 1362 suas,
470 1283 594 1351 Jovios
621 1285 879 1369 Herculeosque
904 1285 1046 1350 audiant
1070 1285 1248 1367 praedicari

143 1390 279 1473 Jupiter
293 1397 403 1472 pater,
418 1395 454 1452 ct
470 1387 627 1457 Minerva
643 1387 750 1464 socia,
768 1395 804 1452 et
817 1388 840 1452 J
843 1407 910 1452 uno
923 1387 1084 1471 placatal
1128 1387 1160 1451 3.
1185 1388 1248 1452 Sa·

144 1495 190 1558 tis
206 1511 262 1555 me
278 1491 452 1555 verborum
474 1491 597 1554 fecisse
611 1491 765 1568 arbitror,
782 1488 826 1554 V.
845 1489 898 1566 Ρ.,
914 1490 957 1553 de
976 1509 1029 1568 eo,
1053 1489 1144 1572 quod
1168 1490 1248 1553 milri

145 1593 325 1660 dicendum
342 1593 434 1677 prius
451 1593 705 1671 constitueram,
720 1585 822 1676 quarn
839 1592 886 1656 sit
906 1611 951 1655 ex
967 1611 1041 1670 usu,
1060 1597 1161 1675 atque
1177 1591 1249 1656 offi-

146 1698 212 1775 cio,
228 1695 408 1760 instaurari
421 1714 509 1778 opus
523 1695 619 1772 illud,
642 1694 774 1772 studiis,
795 1695 916 1777 quibus
936 1694 1057 1776 optimi
1072 1694 1249 1777 Principes

146 1800 294 1866 maxime
308 1799 434 1874 favent,
450 1797 655 1877 dedicatum,
668 1797 704 1863 in
719 1799 797 1882 ipsa
806 1797 953 1861 civitatis
963 1796 1074 1862 fronte
1086 1797 1253 1880 positum,

148 1902 374 1968 celeberrimis
389 1901 524 1984 templis
541 1903 710 1985 utrimque
723 1900 955 1984 conjunctum.

136 2072 139 2076 Α
187 2004 280 2070 Gne.
312 2020 370 2068 ιιι.
411 2004 445 2067 1.
470 2003 581 2083 Nunc,
612 2004 704 2087 quod
730 2005 764 2070 in
791 1999 1000 2068 secundnm1¹
1032 2000 1245 2086 eundemque

149 2110 261 2174 locum
287 2106 413 2183 distuli,
437 2107 721 2190 quemadmodum
748 2106 783 2172 id
810 2105 883 2171 sine
910 2110 1023 2168 sumtu
1049 2104 1201 2187 publico,
1217 2115 1251 2174 et

179 2281 191 2305 ι
209 2271 288 2320 Notio
302 2276 413 2335 tauquam
430 2272 522 2323 eolenm
542 2271 646 2327 carmine
661 2269 809 2335 docentibus,
824 2273 939 2336 quomodo
956 2285 1100 2321 summorum
1119 2269 1252 2334 principum

148 2343 218 2409 gesto
229 2337 280 2387 siut
289 2337 435 2386 celebrande.

609 2413 791 2433 monnone

150 2558 153 2562 Α
181 2505 252 2556 Cre.
264 2519 293 2555 x.
327 2508 339 2554 1
358 2505 445 2557 Meri.
460 2513 483 2554 et
499 2505 649 2570 prudentium
660 2522 685 2569 n.
697 2507 893 2566 futurorum-2
906 2508 960 2556 Pru
971 2522 1040 2571 quum
1051 2512 1087 2568 ut,
1100 2505 1168 2569 qnod
1181 2504 1254 2555 exiri·

149 2571 213 2622 brut
232 2571 310 2620 codd.
329 2570 399 2621 (tud.
410 2580 436 2620 et
449 2572 536 2620 Murri.
549 2571 609 2623 edd.
621 2578 682 2621 ente
695 2571 786 2623 Arntz.
796 2572 913 2636 praebent
930 2588 999 2636 qaum
1015 2572 1063 2622 ult.
1097 2571 1253 2633 conjunctio

149 2650 220 2700 φιιιι
233 2635 310 2685 deest
322 2635 347 2684 in
360 2636 420 2685 Vel.
434 2635 517 2685 Lirin.
529 2643 557 2686 et
570 2635 670 2687 Berlin.
686 2639 851 2700 quodammodo
861 2651 915 2686 onor
926 2639 1082 2700 Crimine-8
1095 2632 1253 2691 Sutlr'wrlto·

148 2709 202 2751 rrrrr
211 2701 304 2760 secisse
320 2701 406 2750 ltirin.
425 2708 452 2750 et
469 2701 526 2749 uliae
545 2701 664 2765 quedem
680 2702 741 2753 edd.
758 2701 826 2763 Sulis
838 2717 884 2755 me.
902 2705 942 2764 tyr.
957 2703 1019 2750 vet.
1032 2701 1116 2750 Lirin.
1127 2701 1187 2749 Ver.
1203 2699 1257 2747 Pn-

150 2773 221 2815 tenn.
242 2765 356 2827 Gnelplr.
374 2764 440 2814 Exn.
460 2765 554 2815 Senon.
572 2766 837 2828 onninamente.
871 2767 1031 2830 Profuisse,
1050 2766 1126 2815 codd.
1144 2764 1214 2816 lind.
1227 2764 1255 2813 ιι

149 2831 237 2881 Moerl.
249 2831 346 2879 nubent
356 2830 455 2880 dicium
488 2830 554 2880 lidd.
567 2838 628 2880 ente
639 2829 731 2880 Arntz.
748 2834 810 2894 qnod
826 2831 887 2890 milri
901 2833 931 2880 ud
948 2833 1080 2890 dicendum,
1092 2831 1136 2893 qni
1155 2828 1254 2879 codidie

149 2894 265 2957 ssnelnlr.
284 2895 440 2944 auctoritate
457 2894 520 2945 illud
545 2896 576 2944 erl
600 2896 708 2949 delevit·
732 2898 855 2958 utrimque
867 2897 1017 2945 convinctum
1038 2895 1115 2945 codd.
1138 2894 1210 2944 (lud.
1227 2900 1256 2945 et

150 2961 239 3010 Moerl.

148 3014 153 3021 ’
183 3025 254 3074 Cer.
273 3036 313 3074 ιι.
348 3026 361 3071 l
381 3023 453 3072 Nunc
471 3023 640 3073 inserendum
657 3023 716 3076 cod.
734 3024 847 3087 Gnelph.
868 3039 926 3075 cnm
947 3022 1007 3073 cdd.
1029 3024 1147 3074 Rhenan.
1169 3023 1255 3076 Lirin.

150 3089 243 3152 steph.
256 3089 288 3136 ι1.
300 3095 366 3137 vett.
384 3088 458 3136 Nure
470 3090 531 3150 qnod
547 3089 582 3150 iu,
596 3092 637 3151 dfe.
654 3090 715 3150 Vct.
729 3090 791 3139 Pnt.
809 3091 873 3138 Erc.
885 3091 978 3147 Sciron.
991 3090 1050 3137 Ver.
1064 3090 1146 3139 Lirin.
1156 3089 1256 3138 Burrio.

149 3154 262 3217 cuspin.
280 3152 358 3201 Grnt.
369 3159 397 3201 et
409 3161 521 3201 recentt.
555 3154 620 3202 Post
631 3156 764 3216 seeundum,
778 3169 876 3215 ornnes,
888 3153 1004 3218 exceptis
1016 3155 1119 3204 Brunio
1130 3161 1157 3203 et
1170 3154 1256 3203 Cella·

147 3218 200 3280 ιιι),
213 3221 333 3267 inserunt
350 3218 501 3280 eundemque,
518 3216 692 3280 idqneetirnn
705 3220 809 3268 irr'eod.
830 3220 916 3269 ltloerl.
933 3220 1038 3282 legitur,
1055 3225 1083 3268 et
1100 3220 1126 3268 in
1144 3218 1258 3280 Guelplr.

150 3284 229 3335 Solet
246 3281 330 3331 edidit
343 3281 466 3331 Beldnin.
481 3283 550 3331 Nunc
567 3283 593 3331 in
609 3296 630 3332 ι.
641 3284 716 3333 heum
727 3284 820 3344 distuli,
829 3290 866 3345 ιιι,
877 3286 1078 3348 quemadmodum,
1091 3285 1136 3346 διο.
1164 3283 1256 3334 Arnt'z.

151 3348 221 3412 conj.
241 3347 322 3405 Nare,
332 3346 358 3396 ir
370 3347 495 3396 secundum
506 3348 601 3399 tandem
612 3352 673 3412 qaod
684 3350 759 3409 lorum
769 3349 861 3399 distuli.
884 3349 952 3413 Vide
964 3349 1041 3400 Nott.
1051 3350 1180 3401 Verre—2
1192 3349 1257 3400 Vet.

648 3477 755 3530 NOTAE

152 3580 201 3631 ille
224 3575 312 3635 Ἀθήνη
339 3574 487 3633 dicebatur.
516 3574 596 3628 dicta
626 3580 687 3625 rnut
726 3591 841 3627 serrrrre
861 3576 955 3628 lentur.
988 3577 1065 3630 Unde
1083 3586 1111 3629 et
1133 3577 1259 3642 peculiari

151 3655 259 3715 Ἀθῆναι.
727 3653 843 3717 epitlreto
860 3652 929 3716 apud
948 3655 1040 3718 politae
1057 3653 1202 3717 ‘innupta’
1220 3653 1258 3704 dl·

151 3739 199 3791 μ’
215 3725 389 3790 umentia]
405 3726 438 3776 ld
456 3732 506 3785 ert,
522 3725 595 3777 Jorir
607 3742 688 3793 meur.
726 3729 803 3778 citur.
838 3729 913 3793 Virg.
927 3730 986 3780 AEn.
1002 3746 1034 3781 ιι.
1049 3735 1090 3782 82.
1108 3732 1192 3781 ιΡιιι
1202 3737 1260 3781 stu·

152 3809 221 3860 Pan·
238 3817 280 3856 ιι.
297 3808 323 3855 2.
337 3802 443 3854 ‘Habes
454 3802 572 3867 proiecto
583 3804 688 3869 aliquod
726 3811 773 3868 pet
790 3804 907 3869 innuptae
923 3804 1019 3857 donum
1036 3809 1144 3859 exitiale
1161 3808 1259 3858 Miner·

134 3899 212 3938 veum
224 3883 282 3948 ipra
299 3873 387 3932 mente
398 3879 495 3939 divine,
506 3881 687 3946 Constantina,
727 3879 784 3932 ra?
1231 3909 1235 3912 -

151 3957 303 4014 secretum.²
474 3979 477 3984 ¹
760 3967 773 4003 ι
789 3959 1069 4024 Praeeimsnturornm]
1086 3958 1260 4025 operteque

168 4034 201 4089 Α
215 4034 292 4105 Virgo
317 4033 444 4098 ριιριιιιι]
471 4032 601 4091 Minerva,
628 4048 687 4098 quar
730 4039 757 4085 et
769 4036 825 4099 ipre
837 4035 981 4101 angur'fuit
992 4044 1020 4086 et
1031 4051 1155 4099 angurum
1168 4036 1250 4087 Deus.

152 4108 380 4173 Vulcruluuptirr
390 4115 543 4162 constanter
556 4109 688 4173 repudiar-
762 4111 775 4146 '¹
792 4113 822 4163 ln
838 4113 975 4178 seeundum]
991 4114 1095 4183 transit
1107 4111 1139 4162 ad
1151 4114 1259 4164 alterurn

153 4193 227 4255 met
235 4187 412 4252 virginitatem
424 4191 552 4251 perpetuo
564 4186 688 4240 illibatam
730 4188 853 4246 cretionis
871 4195 983 4255 putem,
995 4203 1045 4254 qur
1061 4188 1186 4244 ostendit.
1199 4202 1261 4256 qno·

220 4268 312 4334 Delpl.
322 4273 346 4319 et
363 4267 420 4319 Ver.
434 4268 499 4320 Cloe.
637 4270 731 4333 Peneg.
748 4269 801 4320 Vel.
1135 4259 1194 4319 (K
