2730 4726
221 343 307 412 1508
462 351 685 406 ununnrrrrr
709 355 941 408 oasrrsuorr
963 356 1076 407 norro

218 511 304 580 runt,
321 524 398 569 cum
419 510 554 588 propter
573 502 732 566 eximiam
745 500 861 566 sonum
877 501 1074 584 dignitatem
1090 503 1273 570 multarum
1285 505 1318 570 iu
1336 544 1339 551 ·

218 630 258 674 se
271 608 481 674 foeminarum
498 625 626 671 amores
642 607 818 683 excitaret,
833 605 954 671 faciem
970 625 1065 671 suam
1080 607 1126 671 ad
1142 608 1318 672 obliteran-

217 712 297 777 dam
321 709 604 794 pulchritudinem
621 708 812 772 vulneribus
826 708 1012 773 sauciasse.
1056 708 1127 773 Sed
1141 709 1245 775 facile
1258 711 1318 775 fuit

213 816 345 899 juveni,
370 812 526 895 dignitati
552 810 703 894 corporis
728 810 886 876 decorem
911 811 1014 875 animi
1038 812 1262 894 praepoueuti,
1286 817 1318 876 et

218 919 397 982 candorem
420 896 624 991 decolorare,
639 925 673 977 et
694 915 763 978 oris
785 915 937 992 nitorem,
953 913 1023 977 alte
1041 913 1220 996 impressis
1234 915 1317 980 cicu-

217 1021 366 1099 tricibus,
381 1017 625 1082 devenustare.t
667 1018 700 1081 4.
725 1016 818 1081 Num
840 1016 968 1101 aliquid
986 1015 1184 1100 hujusmodi
1207 1016 1317 1081 adver·

218 1144 279 1188 sus
298 1140 444 1187 arnorem
460 1121 584 1185 civium
599 1119 711 1185 facere
726 1120 843 1185 debuit
858 1120 1039 1186 Julianust
1082 1118 1138 1185 Ac
1153 1139 1197 1183 ne
1212 1123 1317 1203 potuit

216 1224 372 1310 quidem3
394 1223 462 1287 nisi
476 1223 561 1287 forte
573 1225 818 1300 existimamus,
830 1224 997 1306 patientes
1008 1222 1186 1287 vulnerum
1198 1223 1315 1288 formes

216 1347 291 1392 esse
315 1327 484 1391 sinotum.
529 1326 667 1391 Scilicet
686 1331 722 1390 et
742 1325 921 1391 candorem
940 1325 1115 1408 aequitatis
1135 1327 1250 1409 potuit
1262 1327 1317 1390 ob·

216 1431 380 1507 umbrare,
400 1437 434 1492 et
453 1447 475 1492 a
497 1430 715 1510 temperantia
737 1448 914 1512 purpuram
934 1429 1045 1493 sancti
1064 1429 1223 1494 ruboris*
1240 1429 1316 1494 abo·

215 1533 293 1607 iere,
310 1531 416 1593 vicem
431 1528 638 1593 fortitudinis
648 1538 663 1565 ¹¹
676 1530 822 1612 indignis
836 1529 1014 1596 confodere
1029 1532 1237 1609 vulneribus,
1250 1551 1316 1596 eru·

215 1654 269 1698 ere
291 1632 410 1697 oculos
432 1630 670 1715 providentiae!
715 1633 748 1696 5.
771 1633 873 1712 Dein,
888 1634 954 1704 uisi
969 1633 1030 1698 ille
1045 1632 1248 1699 adolescens
1268 1654 1317 1699 se-

214 1755 325 1801 veram
342 1754 477 1798 manum
498 1734 644 1818 propriis
662 1736 811 1800 vultibus
827 1735 1001 1811 intulisset,
1016 1734 1090 1800 dies
1105 1742 1141 1801 et
1155 1755 1317 1813 mora-ac

213 1858 280 1902 uon
299 1837 421 1920 longov
444 1837 555 1901 aetatis
574 1839 748 1901 successio
769 1856 900 1902 omnem
918 1838 1013 1903 illum
1033 1838 1147 1902 florem
1167 1839 1316 1923 corporis

214 1941 423 2025 peremisset.
459 1936 768 2005 Atinvirtntibus'
783 1941 955 2024 Principis
971 1943 1078 2006 nostri
1090 1952 1220 2025 quanto
1236 1946 1317 2008 actos

137 2069 142 2077 ·
214 2043 390 2128 prolixior,
405 2049 498 2107 tanto
514 2043 727 2125 pulchritudo
742 2045 962 2128 praestantior.

154 2194 158 2199 -
258 2146 349 2212 Gne.
365 2163 417 2209 vr.
461 2146 493 2208 1.
517 2145 621 2209 Mitto
637 2155 793 2212 cunctam
820 2147 1008 2211 barbariam
1029 2145 1199 2212 adversus
1214 2147 1316 2214 vindi·

214 2269 287 2313 cem
303 2247 470 2312 Romanae
486 2248 672 2311 libertatis⁸
685 2248 719 2311 iu
730 2269 823 2314 arma
836 2257 1050 2328 commotam,
1065 2257 1256 2335 gentesque
1270 2271 1316 2314 re-

214 2371 294 2415 cens
310 2349 447 2428 victas,¹'
462 2357 496 2414 et
510 2351 672 2415 adversus
693 2351 814 2435 jugum
836 2371 944 2435 nuper
966 2352 1163 2435 impositum
1186 2355 1314 2418 cervice

248 2534 260 2567 ¹¹
280 2536 397 2586 Ruborem
408 2540 480 2585 curte
490 2537 643 2586 verecundie.

213 2731 287 2785 Mox.
297 2746 328 2779 ne
338 2731 412 2780 deest
421 2733 446 2779 in
459 2731 623 2794 (iosiph-4
641 2733 707 2780 Num
718 2749 741 2781 a.
754 2735 867 2781 aduersus
877 2732 1010 2793 hujusmodi
1023 2732 1129 2795 Cuspio.
1144 2732 1265 2784 Rheuau.
1280 2733 1313 2784 H.

211 2796 304 2859 steph.
316 2798 399 2845 Livio.
411 2797 495 2845 Rivin.
507 2797 540 2844 ai.
552 2804 616 2846 vett.
643 2797 709 2846 Num
720 2813 743 2845 u.
753 2798 886 2858 dujusrnodi
903 2799 963 2846 Vet.
983 2799 1096 2846 Putenn.
1113 2799 1218 2847 Bertin.
1231 2799 1314 2849 Muri.

212 2862 325 2925 Goetph.
345 2863 423 2912 (itur.
440 2871 468 2911 et
485 2869 595 2912 recentt.
623 2862 657 2910 Ar
674 2877 703 2910 ne
718 2865 795 2923 potuit
812 2864 881 2926 conj.
901 2863 980 2912 Lirin.
998 2872 1024 2912 et
1041 2863 1145 2912 Acidal.
1158 2872 1314 2928 receperunt

211 2927 328 2976 Paterni.
340 2937 367 2976 et
378 2927 476 2989 Jaeger.
504 2927 737 2976 suirutom'sLivin.
763 2928 943 2977 sanctirutorr's
953 2929 1111 2977 Vet.Livin.
1126 2929 1238 2992 Cuspin.
1263 2945 1313 2979 ocu·

211 2994 245 3040 ios
256 2995 388 3056 prudentie
400 2994 465 3057 conj.
482 2993 613 3041 Lirin—5
631 2993 725 3041 Deinde
736 2994 796 3040 edd.
809 3002 870 3042 ante
884 2993 972 3042 Arntz.
988 2996 1031 3057 qni
1047 3009 1061 3042 e
1073 2995 1134 3042 Ver.
1156 2996 1240 3044 Lirin.
1253 2996 1312 3044 Erre.

212 3057 356 3106 Schouhov.
369 3059 482 3120 Gneipir.
493 3066 520 3106 et
537 3059 643 3119 Cospin.
656 3062 770 3107 restitnit
783 3058 857 3106 Dein.
885 3059 952 3107 Edd.
966 3065 1031 3108 rett.
1048 3065 1073 3107 et
1092 3074 1160 3108 muru
1176 3077 1224 3110 non
1238 3063 1314 3122 ionga

212 3122 282 3171 Vide
304 3122 379 3171 Nott.
401 3125 477 3172 Varr.
502 3124 616 3172 successio
638 3125 741 3172 omnium
764 3126 881 3173 Rirenan.
901 3132 929 3173 et
949 3125 1033 3173 Riviu.
1056 3125 1093 3173 Ar
1114 3125 1256 3189 uirtutibus,
1275 3126 1313 3174 rel

212 3188 320 3236 etenim
328 3189 468 3247 uirtutibus,
480 3188 549 3251 conj.
563 3188 666 3236 Acidei.

245 3251 312 3302 Cau.
329 3268 367 3304 vr.
395 3259 408 3302 1
429 3253 495 3302 Edd.
509 3263 570 3303 ante
584 3255 662 3304 Grnt.
673 3259 801 3316 gentesque
812 3254 964 3302 recensuitus.
992 3255 1054 3304 Vet.
1066 3255 1151 3305 Lirin.
1163 3264 1192 3306 et
1201 3255 1313 3319 cuerpn.

706 3385 816 3435 NOTAE

210 3478 269 3536 fuit,
280 3487 309 3530 ut
321 3482 428 3543 margini
440 3482 582 3544 ascriptum
599 3483 701 3544 reperio
714 3482 740 3530 in
773 3496 872 3543 ¹nerum
883 3479 977 3530 formas
988 3496 1045 3531 esse
1056 3482 1203 3533 virtutum!

210 3557 352 3606 Viennensi
364 3558 487 3610 editione.
514 3560 597 3610 Quam
608 3560 740 3609 historiam
814 3567 825 3592 v
843 3560 903 3608 Dies
913 3565 936 3608 et
947 3575 1021 3622 moro,
1035 3576 1063 3609 uc
1079 3574 1125 3608 non
1142 3562 1228 3624 ionga]
1246 3559 1311 3613 Quid

210 3630 268 3683 fuse
280 3634 364 3683 refert
375 3635 432 3683 Vai.
446 3637 518 3684 Man
530 3649 569 3684 ιν.
581 3641 605 3683 5.
782 3636 803 3684 si
831 3637 946 3701 legamus
972 3651 1030 3686 cum
1052 3635 1185 3701 Acidalio,
1210 3640 1270 3689 Dies
1289 3644 1311 3688 et

244 3711 252 3743 ⁸
268 3710 443 3774 Decenusture]
459 3713 517 3761 Vox
528 3712 560 3761 Α.
569 3713 656 3762 Gellio
669 3728 740 3761 usur·
781 3727 847 3762 mom
857 3730 903 3762 non
914 3715 994 3775 longe,
1004 3715 1085 3762 etatis
1094 3717 1249 3765 successione.

210 3796 273 3852 pate
285 3803 330 3850 pro
343 3803 374 3836 eo
386 3788 453 3851 qrrod
464 3794 505 3836 est
521 3787 697 3851 ‘deturpare'
814 3796 831 3822 Ψ
847 3790 882 3838 At
894 3789 1066 3854 invirtutibus]
1084 3789 1194 3841 Ateuim
1202 3794 1231 3841 in
1238 3792 1309 3842 uirtu-

243 3861 357 3911 nVr'cem
376 3863 546 3926 fortitudinis]
581 3863 652 3926 Lege
681 3879 740 3914 curn
781 3867 845 3915 tibus
857 3866 960 3915 Acidai.

211 3938 308 4000 Lipsin,
324 3940 437 3988 cervicem
448 3939 620 4000 fortitudines,-
635 3956 694 3999 num
712 3949 740 3992 ut
813 3950 825 3975 ⁸
845 3944 966 3992 Vindicem
976 3944 1047 3992 Rom.
1057 3943 1111 4007 lim]
1127 3945 1272 3997 Juliannm.

211 4014 248 4062 ait
267 4015 310 4062 iile
330 4015 440 4076 Epistol.
457 4016 556 4066 eraest.
574 4030 617 4067 rrr.
637 4021 678 4067 24.
695 4019 740 4066 ‘in
813 4016 934 4067 bRecens
952 4019 1040 4083 nictus]
1066 4018 1091 4069 Α
1112 4020 1268 4072 Constantio
1285 4028 1309 4071 et

211 4090 312 4138 cervice
325 4090 363 4138 vis
375 4089 473 4147 ferendi
485 4098 512 4140 et
529 4106 668 4141 nervorum
679 4109 740 4142 con·
781 4095 953 4144 Constantino
975 4111 1068 4158 magno
1087 4097 1143 4160 ejus
1160 4097 1214 4149 filiu
1233 4101 1309 4149 dorni·

212 4165 320 4214 ventus!
354 4167 523 4216 Mamertinus
541 4182 619 4230 snpra
635 4183 693 4233 cap.
712 4185 740 4218 v.
781 4181 829 4228 tus,
851 4180 878 4220 et
901 4187 916 4221 u
940 4173 1099 4223 Francorum
1123 4174 1308 4232 incursionibus

209 4242 275 4292 ‘uisi
284 4240 351 4294 forte
361 4243 535 4304 existimamus
546 4246 676 4309 patientes
686 4247 739 4296 rui·
779 4249 912 4300 liberatas.
