<?xml version="1.0" encoding="UTF-8"?>
<!DOCTYPE html PUBLIC "-//W3C//DTD XHTML 1.0 Transitional//EN"
    "http://www.w3.org/TR/xhtml1/DTD/xhtml1-transitional.dtd">
<html xmlns="http://www.w3.org/1999/xhtml" xml:lang="en" lang="en">
 <head>
  <title>
</title>
<meta http-equiv="Content-Type" content="text/html;charset=utf-8" />
  <meta name='ocr-system' content='tesseract 3.04.00' />
  <meta name='ocr-capabilities' content='ocr_page ocr_carea ocr_par ocr_line ocrx_word'/>
</head>
<body>
  <div class='ocr_page' id='page_1' title='image "./panegyriciveter01baungoog_0433.png"; bbox 0 0 2730 4726; ppageno 0'>
   <div class='ocr_carea' id='block_1_1' title="bbox 128 286 1025 367">
    <p class='ocr_par' dir='ltr' id='par_1_1' title="bbox 128 286 1025 367">
     <span class='ocr_line' id='line_1_1' title="bbox 128 286 1025 367; baseline -0.007 -2"><span class='ocrx_word' id='word_1_1' title='bbox 128 299 214 367; x_wconf 69' lang='lat'><strong>1520</strong></span> <span class='ocrx_word' id='word_1_2' title='bbox 369 310 592 361; x_wconf 71' lang='lat' dir='ltr'><strong>narramur</strong></span> <span class='ocrx_word' id='word_1_3' title='bbox 617 310 849 362; x_wconf 75' lang='lat' dir='ltr'><strong>GRA&#39;TIARUH</strong></span> <span class='ocrx_word' id='word_1_4' title='bbox 866 309 988 360; x_wconf 64' lang='lat' dir='ltr'><strong>merto</strong></span> <span class='ocrx_word' id='word_1_5' title='bbox 1019 286 1025 301; x_wconf 46' lang='lat'>¹</span> 
     </span>
    </p>
   </div>
   <div class='ocr_carea' id='block_1_2' title="bbox 123 455 1251 2486">
    <p class='ocr_par' dir='ltr' id='par_1_2' title="bbox 123 455 1251 2185">
     <span class='ocr_line' id='line_1_2' title="bbox 128 455 1228 543; baseline -0.001 -20"><span class='ocrx_word' id='word_1_6' title='bbox 128 455 445 543; x_wconf 70' lang='lat' dir='ltr'><strong>pectoriscomitio‘</strong></span> <span class='ocrx_word' id='word_1_7' title='bbox 467 457 695 522; x_wconf 75' lang='lat' dir='ltr'><strong>consulatus·</strong></span> <span class='ocrx_word' id='word_1_8' title='bbox 720 456 814 536; x_wconf 85' lang='lat' dir='ltr'>Quid</span> <span class='ocrx_word' id='word_1_9' title='bbox 840 455 1142 540; x_wconf 65' lang='lat' dir='ltr'><strong>secuturae-ipsa</strong></span> <span class='ocrx_word' id='word_1_10' title='bbox 1156 457 1228 536; x_wconf 83' lang='lat' dir='ltr'><strong>seit,</strong></span> 
     </span>
     <span class='ocr_line' id='line_1_3' title="bbox 128 558 1230 645; baseline -0.002 -20"><span class='ocrx_word' id='word_1_11' title='bbox 128 569 162 627; x_wconf 88' lang='lat' dir='ltr'><strong>et</strong></span> <span class='ocrx_word' id='word_1_12' title='bbox 175 577 399 642; x_wconf 87' lang='lat' dir='ltr'><strong>quaecumque</strong></span> <span class='ocrx_word' id='word_1_13' title='bbox 414 560 559 624; x_wconf 86' lang='lat' dir='ltr'><strong>consilia</strong></span> <span class='ocrx_word' id='word_1_14' title='bbox 574 560 650 645; x_wconf 90' lang='lat' dir='ltr'><strong>ejus</strong></span> <span class='ocrx_word' id='word_1_15' title='bbox 665 560 788 643; x_wconf 85' lang='lat' dir='ltr'><strong>gaudet</strong></span> <span class='ocrx_word' id='word_1_16' title='bbox 799 560 943 625; x_wconf 85' lang='lat' dir='ltr'><strong>formare</strong></span> <span class='ocrx_word' id='word_1_17' title='bbox 958 559 1144 625; x_wconf 74' lang='lat' dir='ltr'><strong>Divinitas.</strong></span> <span class='ocrx_word' id='word_1_18' title='bbox 1176 558 1230 623; x_wconf 82' lang='lat' dir='ltr'><strong>De</strong></span> 
     </span>
     <span class='ocr_line' id='line_1_4' title="bbox 128 660 1229 744; baseline -0.004 -16"><span class='ocrx_word' id='word_1_19' title='bbox 128 662 280 728; x_wconf 87' lang='lat' dir='ltr'><strong>omuibus</strong></span> <span class='ocrx_word' id='word_1_20' title='bbox 295 660 442 728; x_wconf 88' lang='lat' dir='ltr'><strong>Romani</strong></span> <span class='ocrx_word' id='word_1_21' title='bbox 456 661 590 744; x_wconf 90' lang='lat' dir='ltr'><strong>imperii</strong></span> <span class='ocrx_word' id='word_1_22' title='bbox 605 662 685 727; x_wconf 92' lang='lat' dir='ltr'><strong>viris</strong></span> <span class='ocrx_word' id='word_1_23' title='bbox 701 662 828 744; x_wconf 86' lang='lat' dir='ltr'><strong>primus</strong></span> <span class='ocrx_word' id='word_1_24' title='bbox 839 663 966 727; x_wconf 89' lang='lat' dir='ltr'><strong>electus</strong></span> <span class='ocrx_word' id='word_1_25' title='bbox 978 681 1066 738; x_wconf 89' lang='lat' dir='ltr'><strong>sum,</strong></span> <span class='ocrx_word' id='word_1_26' title='bbox 1078 680 1158 726; x_wconf 89' lang='lat' dir='ltr'><strong>enm</strong></span> <span class='ocrx_word' id='word_1_27' title='bbox 1170 660 1229 724; x_wconf 82' lang='lat' dir='ltr'><strong>iro-</strong></span> 
     </span>
     <span class='ocr_line' id='line_1_5' title="bbox 128 765 1230 847; baseline -0.003 -16"><span class='ocrx_word' id='word_1_28' title='bbox 128 784 242 831; x_wconf 83' lang='lat' dir='ltr'><strong>norem</strong></span> <span class='ocrx_word' id='word_1_29' title='bbox 257 784 368 828; x_wconf 89' lang='lat' dir='ltr'><strong>meum</strong></span> <span class='ocrx_word' id='word_1_30' title='bbox 386 765 520 829; x_wconf 83' lang='lat' dir='ltr'><strong>adoreis</strong></span> <span class='ocrx_word' id='word_1_31' title='bbox 536 765 737 830; x_wconf 84' lang='lat' dir='ltr'><strong>militaribus</strong></span> <span class='ocrx_word' id='word_1_32' title='bbox 750 766 915 847; x_wconf 88' lang='lat' dir='ltr'><strong>gloriosus</strong></span> <span class='ocrx_word' id='word_1_33' title='bbox 930 765 1088 847; x_wconf 67' lang='lat' dir='ltr'><strong>collega¹¹</strong></span> <span class='ocrx_word' id='word_1_34' title='bbox 1114 783 1230 829; x_wconf 82' lang='lat' dir='ltr'><strong>enmu-</strong></span> 
     </span>
     <span class='ocr_line' id='line_1_6' title="bbox 127 866 1230 952; baseline -0.001 -19"><span class='ocrx_word' id='word_1_35' title='bbox 127 869 221 935; x_wconf 87' lang='lat' dir='ltr'><strong>laret.</strong></span> <span class='ocrx_word' id='word_1_36' title='bbox 273 867 308 932; x_wconf 83' lang='lat'><strong>3.</strong></span> <span class='ocrx_word' id='word_1_37' title='bbox 331 866 469 935; x_wconf 79' lang='lat' dir='ltr'><strong>Gratias</strong></span> <span class='ocrx_word' id='word_1_38' title='bbox 493 867 566 944; x_wconf 89' lang='lat' dir='ltr'><strong>tibi,</strong></span> <span class='ocrx_word' id='word_1_39' title='bbox 590 868 727 949; x_wconf 82' lang='lat' dir='ltr'><strong>gratias,</strong></span> <span class='ocrx_word' id='word_1_40' title='bbox 752 868 949 952; x_wconf 77' lang='lat' dir='ltr'><strong>Imperator,</strong></span> <span class='ocrx_word' id='word_1_41' title='bbox 974 870 1004 933; x_wconf 89' lang='lat' dir='ltr'><strong>si</strong></span> <span class='ocrx_word' id='word_1_42' title='bbox 1032 868 1154 933; x_wconf 87' lang='lat' dir='ltr'><strong>mereri</strong></span> <span class='ocrx_word' id='word_1_43' title='bbox 1180 887 1230 932; x_wconf 89' lang='lat' dir='ltr'><strong>me</strong></span> 
     </span>
     <span class='ocr_line' id='line_1_7' title="bbox 128 969 1230 1052; baseline -0.004 -15"><span class='ocrx_word' id='word_1_44' title='bbox 128 969 320 1049; x_wconf 80' lang='lat' dir='ltr'><strong>credidisti3</strong></span> <span class='ocrx_word' id='word_1_45' title='bbox 343 977 378 1034; x_wconf 89' lang='lat' dir='ltr'><strong>et</strong></span> <span class='ocrx_word' id='word_1_46' title='bbox 395 969 507 1052; x_wconf 91' lang='lat' dir='ltr'><strong>plures</strong></span> <span class='ocrx_word' id='word_1_47' title='bbox 520 971 657 1051; x_wconf 81' lang='lat' dir='ltr'><strong>gratias,</strong></span> <span class='ocrx_word' id='word_1_48' title='bbox 676 970 874 1052; x_wconf 84' lang='lat' dir='ltr'><strong>Imperator,</strong></span> <span class='ocrx_word' id='word_1_49' title='bbox 890 972 921 1035; x_wconf 90' lang='lat' dir='ltr'><strong>si</strong></span> <span class='ocrx_word' id='word_1_50' title='bbox 944 976 1076 1036; x_wconf 87' lang='lat' dir='ltr'><strong>tantum</strong></span> <span class='ocrx_word' id='word_1_51' title='bbox 1101 971 1230 1047; x_wconf 83' lang='lat' dir='ltr'><strong>amasti,</strong></span> 
     </span>
     <span class='ocr_line' id='line_1_8' title="bbox 127 1071 1229 1154; baseline -0.002 -16"><span class='ocrx_word' id='word_1_52' title='bbox 127 1079 167 1139; x_wconf 90' lang='lat' dir='ltr'><strong>ut</strong></span> <span class='ocrx_word' id='word_1_53' title='bbox 187 1093 241 1139; x_wconf 88' lang='lat' dir='ltr'><strong>me</strong></span> <span class='ocrx_word' id='word_1_54' title='bbox 257 1073 429 1138; x_wconf 85' lang='lat' dir='ltr'><strong>consulem</strong></span> <span class='ocrx_word' id='word_1_55' title='bbox 444 1072 575 1136; x_wconf 83' lang='lat' dir='ltr'><strong>faceres</strong></span> <span class='ocrx_word' id='word_1_56' title='bbox 592 1073 691 1137; x_wconf 88' lang='lat' dir='ltr'><strong>etiam</strong></span> <span class='ocrx_word' id='word_1_57' title='bbox 706 1091 774 1137; x_wconf 90' lang='lat' dir='ltr'><strong>uon</strong></span> <span class='ocrx_word' id='word_1_58' title='bbox 794 1080 987 1138; x_wconf 88' lang='lat' dir='ltr'><strong>merentem.</strong></span> <span class='ocrx_word' id='word_1_59' title='bbox 1032 1075 1065 1136; x_wconf 83' lang='lat'><strong>4.</strong></span> <span class='ocrx_word' id='word_1_60' title='bbox 1090 1071 1165 1136; x_wconf 90' lang='lat' dir='ltr'><strong>Nec</strong></span> <span class='ocrx_word' id='word_1_61' title='bbox 1182 1073 1229 1154; x_wconf 83' lang='lat' dir='ltr'><strong>ig·</strong></span> 
     </span>
     <span class='ocr_line' id='line_1_9' title="bbox 127 1175 1231 1258; baseline -0.003 -16"><span class='ocrx_word' id='word_1_62' title='bbox 127 1195 219 1254; x_wconf 86' lang='lat' dir='ltr'><strong>noro,</strong></span> <span class='ocrx_word' id='word_1_63' title='bbox 236 1175 404 1241; x_wconf 83' lang='lat' dir='ltr'><strong>maximos</strong></span> <span class='ocrx_word' id='word_1_64' title='bbox 418 1175 564 1240; x_wconf 88' lang='lat' dir='ltr'><strong>honores</strong></span> <span class='ocrx_word' id='word_1_65' title='bbox 580 1176 623 1240; x_wconf 92' lang='lat' dir='ltr'><strong>ad</strong></span> <span class='ocrx_word' id='word_1_66' title='bbox 639 1192 763 1258; x_wconf 66' lang='lat' dir='ltr'><strong>parurnv</strong></span> <span class='ocrx_word' id='word_1_67' title='bbox 782 1175 919 1258; x_wconf 87' lang='lat' dir='ltr'><strong>dignos,</strong></span> <span class='ocrx_word' id='word_1_68' title='bbox 945 1176 1090 1258; x_wconf 88' lang='lat' dir='ltr'><strong>penuria</strong></span> <span class='ocrx_word' id='word_1_69' title='bbox 1109 1175 1231 1240; x_wconf 88' lang='lat' dir='ltr'><strong>melio-</strong></span> 
     </span>
     <span class='ocr_line' id='line_1_10' title="bbox 127 1277 1231 1363; baseline -0.003 -20"><span class='ocrx_word' id='word_1_70' title='bbox 127 1298 212 1357; x_wconf 92' lang='lat' dir='ltr'><strong>rum,</strong></span> <span class='ocrx_word' id='word_1_71' title='bbox 225 1280 334 1344; x_wconf 88' lang='lat' dir='ltr'><strong>solere</strong></span> <span class='ocrx_word' id='word_1_72' title='bbox 349 1279 485 1357; x_wconf 80' lang='lat' dir='ltr'><strong>deferri3</strong></span> <span class='ocrx_word' id='word_1_73' title='bbox 504 1278 565 1343; x_wconf 87' lang='lat' dir='ltr'><strong>sed</strong></span> <span class='ocrx_word' id='word_1_74' title='bbox 580 1298 647 1342; x_wconf 89' lang='lat' dir='ltr'><strong>uon</strong></span> <span class='ocrx_word' id='word_1_75' title='bbox 659 1298 839 1355; x_wconf 65' lang='lat' dir='ltr'><strong>versones</strong></span> <span class='ocrx_word' id='word_1_76' title='bbox 851 1280 928 1363; x_wconf 89' lang='lat' dir='ltr'><strong>quis</strong></span> <span class='ocrx_word' id='word_1_77' title='bbox 940 1277 1185 1342; x_wconf 85' lang='lat' dir='ltr'><strong>malevolorum</strong></span> <span class='ocrx_word' id='word_1_78' title='bbox 1198 1279 1231 1341; x_wconf 90' lang='lat' dir='ltr'><strong>in</strong></span> 
     </span>
     <span class='ocr_line' id='line_1_11' title="bbox 128 1380 1230 1465; baseline -0.003 -18"><span class='ocrx_word' id='word_1_79' title='bbox 128 1383 303 1447; x_wconf 83' lang='lat' dir='ltr'><strong>consulatu</strong></span> <span class='ocrx_word' id='word_1_80' title='bbox 318 1402 394 1446; x_wconf 89' lang='lat' dir='ltr'><strong>meo</strong></span> <span class='ocrx_word' id='word_1_81' title='bbox 417 1382 452 1447; x_wconf 93' lang='lat' dir='ltr'><strong>id</strong></span> <span class='ocrx_word' id='word_1_82' title='bbox 477 1389 625 1445; x_wconf 89' lang='lat' dir='ltr'><strong>autumet</strong></span> <span class='ocrx_word' id='word_1_83' title='bbox 640 1380 820 1446; x_wconf 81' lang='lat' dir='ltr'><strong>accidisse.</strong></span> <span class='ocrx_word' id='word_1_84' title='bbox 864 1382 903 1445; x_wconf 87' lang='lat' dir='ltr'><strong>Si</strong></span> <span class='ocrx_word' id='word_1_85' title='bbox 917 1381 994 1465; x_wconf 90' lang='lat' dir='ltr'><strong>quis</strong></span> <span class='ocrx_word' id='word_1_86' title='bbox 1008 1380 1075 1444; x_wconf 86' lang='lat' dir='ltr'><strong>hoe</strong></span> <span class='ocrx_word' id='word_1_87' title='bbox 1091 1380 1230 1444; x_wconf 86' lang='lat' dir='ltr'><strong>lividius</strong></span> 
     </span>
     <span class='ocr_line' id='line_1_12' title="bbox 123 1481 1231 1568; baseline -0.004 -18"><span class='ocrx_word' id='word_1_88' title='bbox 123 1483 272 1568; x_wconf 85' lang='lat' dir='ltr'><strong>jactitat,</strong></span> <span class='ocrx_word' id='word_1_89' title='bbox 298 1484 376 1567; x_wconf 91' lang='lat' dir='ltr'><strong>ipso</strong></span> <span class='ocrx_word' id='word_1_90' title='bbox 407 1492 556 1566; x_wconf 90' lang='lat' dir='ltr'><strong>tempore</strong></span> <span class='ocrx_word' id='word_1_91' title='bbox 587 1481 767 1562; x_wconf 83' lang='lat' dir='ltr'><strong>refutatnr3</strong></span> <span class='ocrx_word' id='word_1_92' title='bbox 789 1482 952 1548; x_wconf 89' lang='lat' dir='ltr'><strong>adversus</strong></span> <span class='ocrx_word' id='word_1_93' title='bbox 977 1501 1077 1566; x_wconf 89' lang='lat' dir='ltr'><strong>quem</strong></span> <span class='ocrx_word' id='word_1_94' title='bbox 1100 1482 1231 1546; x_wconf 84' lang='lat' dir='ltr'><strong>dixisse</strong></span> 
     </span>
     <span class='ocr_line' id='line_1_13' title="bbox 128 1583 1232 1675; baseline -0.003 -23"><span class='ocrx_word' id='word_1_95' title='bbox 128 1589 212 1652; x_wconf 86' lang='lat' dir='ltr'><strong>satis</strong></span> <span class='ocrx_word' id='word_1_96' title='bbox 240 1595 314 1651; x_wconf 87' lang='lat' dir='ltr'><strong>est:</strong></span> <span class='ocrx_word' id='word_1_97' title='bbox 345 1587 445 1651; x_wconf 87' lang='lat' dir='ltr'><strong>‘Jam</strong></span> <span class='ocrx_word' id='word_1_98' title='bbox 469 1594 578 1655; x_wconf 81' lang='lat' dir='ltr'><strong>tamen</strong></span> <span class='ocrx_word' id='word_1_99' title='bbox 604 1586 757 1669; x_wconf 88' lang='lat' dir='ltr'><strong>Principi</strong></span> <span class='ocrx_word' id='word_1_100' title='bbox 780 1591 895 1650; x_wconf 88' lang='lat' dir='ltr'><strong>nostro</strong></span> <span class='ocrx_word' id='word_1_101' title='bbox 925 1585 1040 1650; x_wconf 90' lang='lat' dir='ltr'><strong>Roma</strong></span> <span class='ocrx_word' id='word_1_102' title='bbox 1066 1583 1232 1675; x_wconf 61' lang='lat' dir='ltr'><strong>parebat?</strong></span> 
     </span>
     <span class='ocr_line' id='line_1_14' title="bbox 128 1687 1232 1775; baseline -0.003 -21"><span class='ocrx_word' id='word_1_103' title='bbox 128 1691 162 1754; x_wconf 74' lang='grc' dir='ltr'><strong>ὅ.</strong></span> <span class='ocrx_word' id='word_1_104' title='bbox 184 1687 302 1767; x_wconf 83' lang='lat' dir='ltr'><strong>Quidi</strong></span> <span class='ocrx_word' id='word_1_105' title='bbox 324 1689 415 1775; x_wconf 93' lang='lat' dir='ltr'><strong>quod</strong></span> <span class='ocrx_word' id='word_1_106' title='bbox 430 1688 514 1753; x_wconf 89' lang='lat' dir='ltr'><strong>nihil</strong></span> <span class='ocrx_word' id='word_1_107' title='bbox 538 1690 692 1772; x_wconf 87' lang='lat' dir='ltr'><strong>speranti</strong></span> <span class='ocrx_word' id='word_1_108' title='bbox 711 1688 795 1753; x_wconf 78' lang='lat' dir='ltr'><strong>milri</strong></span> <span class='ocrx_word' id='word_1_109' title='bbox 820 1689 863 1753; x_wconf 87' lang='lat' dir='ltr'><strong>de</strong></span> <span class='ocrx_word' id='word_1_110' title='bbox 885 1690 1016 1753; x_wconf 89' lang='lat' dir='ltr'><strong>honoris</strong></span> <span class='ocrx_word' id='word_1_111' title='bbox 1041 1693 1232 1771; x_wconf 82' lang='lat' dir='ltr'><strong>augmento,</strong></span> 
     </span>
     <span class='ocr_line' id='line_1_15' title="bbox 128 1790 1231 1878; baseline -0.009 -15"><span class='ocrx_word' id='word_1_112' title='bbox 128 1791 357 1878; x_wconf 79' lang='lat' dir='ltr'><strong>(nequeenim</strong></span> <span class='ocrx_word' id='word_1_113' title='bbox 369 1795 456 1858; x_wconf 86' lang='lat' dir='ltr'><strong>ultra</strong></span> <span class='ocrx_word' id='word_1_114' title='bbox 471 1793 707 1876; x_wconf 83' lang='lat' dir='ltr'><strong>praefecturam</strong></span> <span class='ocrx_word' id='word_1_115' title='bbox 719 1812 757 1857; x_wconf 83' lang='lat' dir='ltr'><strong>se</strong></span> <span class='ocrx_word' id='word_1_116' title='bbox 768 1797 921 1858; x_wconf 89' lang='lat' dir='ltr'><strong>votorum</strong></span> <span class='ocrx_word' id='word_1_117' title='bbox 936 1809 1088 1856; x_wconf 88' lang='lat' dir='ltr'><strong>meorum</strong></span> <span class='ocrx_word' id='word_1_118' title='bbox 1100 1790 1231 1854; x_wconf 91' lang='lat' dir='ltr'><strong>modes-</strong></span> 
     </span>
     <span class='ocr_line' id='line_1_16' title="bbox 129 1895 1251 1981; baseline -0.004 -20"><span class='ocrx_word' id='word_1_119' title='bbox 129 1896 177 1961; x_wconf 89' lang='lat' dir='ltr'><strong>tia</strong></span> <span class='ocrx_word' id='word_1_120' title='bbox 192 1896 408 1979; x_wconf 66' lang='lat' dir='ltr'><strong>porrigebat)</strong></span> <span class='ocrx_word' id='word_1_121' title='bbox 430 1895 596 1981; x_wconf 81' lang='lat' dir='ltr'><strong>perfertur</strong></span> <span class='ocrx_word' id='word_1_122' title='bbox 624 1897 774 1974; x_wconf 89' lang='lat' dir='ltr'><strong>nuntius,</strong></span> <span class='ocrx_word' id='word_1_123' title='bbox 801 1895 976 1962; x_wconf 85' lang='lat' dir='ltr'><strong>consulem</strong></span> <span class='ocrx_word' id='word_1_124' title='bbox 1000 1902 1251 1958; x_wconf 74' lang='lat' dir='ltr'><strong>maerentum</strong></span> 
     </span>
     <span class='ocr_line' id='line_1_17' title="bbox 130 1996 1233 2083; baseline -0.004 -19"><span class='ocrx_word' id='word_1_125' title='bbox 130 1999 205 2075; x_wconf 79' lang='lat' dir='ltr'><strong>siue</strong></span> <span class='ocrx_word' id='word_1_126' title='bbox 231 1998 415 2082; x_wconf 86' lang='lat' dir='ltr'><strong>impendio,</strong></span> <span class='ocrx_word' id='word_1_127' title='bbox 431 1998 522 2082; x_wconf 90' lang='lat' dir='ltr'><strong>qnod</strong></span> <span class='ocrx_word' id='word_1_128' title='bbox 543 1998 697 2083; x_wconf 88' lang='lat' dir='ltr'><strong>jamdiu</strong></span> <span class='ocrx_word' id='word_1_129' title='bbox 724 1999 865 2081; x_wconf 88' lang='lat' dir='ltr'><strong>pancis;</strong></span> <span class='ocrx_word' id='word_1_130' title='bbox 889 1998 961 2061; x_wconf 89' lang='lat' dir='ltr'><strong>sine</strong></span> <span class='ocrx_word' id='word_1_131' title='bbox 986 1997 1115 2073; x_wconf 89' lang='lat' dir='ltr'><strong>labore,</strong></span> <span class='ocrx_word' id='word_1_132' title='bbox 1141 1996 1233 2079; x_wconf 91' lang='lat' dir='ltr'><strong>quod</strong></span> 
     </span>
     <span class='ocr_line' id='line_1_18' title="bbox 129 2100 856 2185; baseline -0.004 -19"><span class='ocrx_word' id='word_1_133' title='bbox 129 2121 315 2185; x_wconf 83' lang='lat' dir='ltr'><strong>nunquam3</strong></span> <span class='ocrx_word' id='word_1_134' title='bbox 338 2102 409 2166; x_wconf 90' lang='lat' dir='ltr'><strong>sine</strong></span> <span class='ocrx_word' id='word_1_135' title='bbox 425 2101 600 2184; x_wconf 85' lang='lat' dir='ltr'><strong>petitione,</strong></span> <span class='ocrx_word' id='word_1_136' title='bbox 615 2101 707 2185; x_wconf 92' lang='lat' dir='ltr'><strong>qnod</strong></span> <span class='ocrx_word' id='word_1_137' title='bbox 720 2100 856 2166; x_wconf 88' lang='lat' dir='ltr'><strong>nemini.</strong></span> 
     </span>
    </p>

    <p class='ocr_par' dir='ltr' id='par_1_3' title="bbox 129 2201 1232 2486">
     <span class='ocr_line' id='line_1_19' title="bbox 174 2201 1232 2287; baseline -0.005 -18"><span class='ocrx_word' id='word_1_138' title='bbox 174 2204 266 2270; x_wconf 71' lang='lat' dir='ltr'><strong>car.</strong></span> <span class='ocrx_word' id='word_1_139' title='bbox 287 2221 366 2268; x_wconf 88' lang='lat' dir='ltr'><strong>xvr.</strong></span> <span class='ocrx_word' id='word_1_140' title='bbox 411 2204 443 2269; x_wconf 84' lang='lat'><strong>1.</strong></span> <span class='ocrx_word' id='word_1_141' title='bbox 466 2202 556 2282; x_wconf 84' lang='lat' dir='ltr'><strong>Quis</strong></span> <span class='ocrx_word' id='word_1_142' title='bbox 572 2204 715 2286; x_wconf 86' lang='lat' dir='ltr'><strong>ignorat,</strong></span> <span class='ocrx_word' id='word_1_143' title='bbox 732 2212 803 2268; x_wconf 91' lang='lat' dir='ltr'><strong>tum</strong></span> <span class='ocrx_word' id='word_1_144' title='bbox 820 2221 969 2287; x_wconf 87' lang='lat' dir='ltr'><strong>quoque,</strong></span> <span class='ocrx_word' id='word_1_145' title='bbox 993 2221 1070 2266; x_wconf 88' lang='lat' dir='ltr'><strong>cnm</strong></span> <span class='ocrx_word' id='word_1_146' title='bbox 1087 2201 1232 2266; x_wconf 87' lang='lat' dir='ltr'><strong>honores</strong></span> 
     </span>
     <span class='ocr_line' id='line_1_20' title="bbox 129 2305 1232 2391; baseline -0.002 -22"><span class='ocrx_word' id='word_1_147' title='bbox 129 2307 251 2391; x_wconf 92' lang='lat' dir='ltr'><strong>populi</strong></span> <span class='ocrx_word' id='word_1_148' title='bbox 268 2306 414 2370; x_wconf 88' lang='lat' dir='ltr'><strong>Romani</strong></span> <span class='ocrx_word' id='word_1_149' title='bbox 429 2306 595 2386; x_wconf 86' lang='lat' dir='ltr'><strong>suffragiis</strong></span> <span class='ocrx_word' id='word_1_150' title='bbox 611 2307 870 2384; x_wconf 85' lang='lat' dir='ltr'><strong>mandabantur,</strong></span> <span class='ocrx_word' id='word_1_151' title='bbox 892 2305 1016 2369; x_wconf 86' lang='lat' dir='ltr'><strong>multos</strong></span> <span class='ocrx_word' id='word_1_152' title='bbox 1031 2305 1137 2368; x_wconf 80' lang='lat' dir='ltr'><strong>fuisse</strong></span> <span class='ocrx_word' id='word_1_153' title='bbox 1152 2324 1232 2369; x_wconf 88' lang='lat' dir='ltr'><strong>can·</strong></span> 
     </span>
     <span class='ocr_line' id='line_1_21' title="bbox 130 2407 1232 2486; baseline -0.001 -14"><span class='ocrx_word' id='word_1_154' title='bbox 130 2407 315 2473; x_wconf 88' lang='lat' dir='ltr'><strong>didatorum</strong></span> <span class='ocrx_word' id='word_1_155' title='bbox 331 2410 492 2473; x_wconf 85' lang='lat' dir='ltr'><strong>laboresi</strong></span> <span class='ocrx_word' id='word_1_156' title='bbox 538 2409 729 2474; x_wconf 89' lang='lat' dir='ltr'><strong>Ediscenda</strong></span> <span class='ocrx_word' id='word_1_157' title='bbox 744 2410 893 2473; x_wconf 91' lang='lat' dir='ltr'><strong>omnium</strong></span> <span class='ocrx_word' id='word_1_158' title='bbox 908 2408 1057 2486; x_wconf 88' lang='lat' dir='ltr'><strong>nomina,</strong></span> <span class='ocrx_word' id='word_1_159' title='bbox 1083 2408 1232 2472; x_wconf 87' lang='lat' dir='ltr'><strong>tributim</strong></span> 
     </span>
    </p>
   </div>
   <div class='ocr_carea' id='block_1_3' title="bbox 130 2665 1265 3576">
    <p class='ocr_par' dir='ltr' id='par_1_4' title="bbox 130 2665 1265 3511">
     <span class='ocr_line' id='line_1_22' title="bbox 130 2665 1234 2729; baseline -0.003 -13"><span class='ocrx_word' id='word_1_160' title='bbox 130 2665 294 2726; x_wconf 65' lang='lat' dir='ltr'><strong>(lietera-a</strong></span> <span class='ocrx_word' id='word_1_161' title='bbox 314 2665 415 2714; x_wconf 78' lang='lat' dir='ltr'><strong>Gratim</strong></span> <span class='ocrx_word' id='word_1_162' title='bbox 425 2665 478 2719; x_wconf 82' lang='lat' dir='ltr'><strong>tibi,</strong></span> <span class='ocrx_word' id='word_1_163' title='bbox 497 2666 647 2729; x_wconf 83' lang='lat' dir='ltr'><strong>Imperatori,</strong></span> <span class='ocrx_word' id='word_1_164' title='bbox 657 2666 759 2726; x_wconf 79' lang='lat' dir='ltr'><strong>gratim,</strong></span> <span class='ocrx_word' id='word_1_165' title='bbox 771 2667 793 2716; x_wconf 80' lang='lat' dir='ltr'><strong>ri</strong></span> <span class='ocrx_word' id='word_1_166' title='bbox 804 2665 892 2715; x_wconf 85' lang='lat' dir='ltr'><strong>Moerl.</strong></span> <span class='ocrx_word' id='word_1_167' title='bbox 902 2673 929 2714; x_wconf 85' lang='lat' dir='ltr'><strong>et</strong></span> <span class='ocrx_word' id='word_1_168' title='bbox 941 2665 1052 2726; x_wconf 87' lang='lat' dir='ltr'><strong>Guelplr.</strong></span> <span class='ocrx_word' id='word_1_169' title='bbox 1070 2671 1094 2713; x_wconf 85' lang='lat' dir='ltr'><strong>et</strong></span> <span class='ocrx_word' id='word_1_170' title='bbox 1104 2680 1141 2713; x_wconf 78' lang='lat' dir='ltr'><strong>ma</strong></span> <span class='ocrx_word' id='word_1_171' title='bbox 1152 2679 1234 2713; x_wconf 80' lang='lat' dir='ltr'><strong>aoma-</strong></span> 
     </span>
     <span class='ocr_line' id='line_1_23' title="bbox 130 2730 1265 2794; baseline -0.003 -14"><span class='ocrx_word' id='word_1_172' title='bbox 130 2733 174 2780; x_wconf 87' lang='lat' dir='ltr'><strong>lem</strong></span> <span class='ocrx_word' id='word_1_173' title='bbox 182 2731 344 2794; x_wconf 82' lang='lat' dir='ltr'><strong>Guelph.-d</strong></span> <span class='ocrx_word' id='word_1_174' title='bbox 352 2730 513 2780; x_wconf 79' lang='lat' dir='ltr'><strong>malivolorum</strong></span> <span class='ocrx_word' id='word_1_175' title='bbox 524 2732 628 2780; x_wconf 85' lang='lat' dir='ltr'><strong>Puteal.</strong></span> <span class='ocrx_word' id='word_1_176' title='bbox 638 2731 753 2780; x_wconf 85' lang='lat' dir='ltr'><strong>Rhenan.</strong></span> <span class='ocrx_word' id='word_1_177' title='bbox 764 2733 795 2780; x_wconf 85' lang='lat' dir='ltr'><strong>ai.</strong></span> <span class='ocrx_word' id='word_1_178' title='bbox 803 2741 866 2781; x_wconf 85' lang='lat' dir='ltr'><strong>vett.</strong></span> <span class='ocrx_word' id='word_1_179' title='bbox 877 2734 998 2781; x_wconf 80' lang='lat' dir='ltr'><strong>consulatu</strong></span> <span class='ocrx_word' id='word_1_180' title='bbox 1008 2746 1035 2779; x_wconf 86' lang='lat' dir='ltr'><strong>ea</strong></span> <span class='ocrx_word' id='word_1_181' title='bbox 1046 2731 1153 2779; x_wconf 86' lang='lat' dir='ltr'><strong>Puteoi.</strong></span> <span class='ocrx_word' id='word_1_182' title='bbox 1166 2731 1234 2778; x_wconf 85' lang='lat' dir='ltr'><strong>Rhe·</strong></span> <span class='ocrx_word' id='word_1_183' title='bbox 1262 2752 1265 2757; x_wconf 49' lang='lat'><em>⁴</em></span> 
     </span>
     <span class='ocr_line' id='line_1_24' title="bbox 130 2795 1234 2859; baseline -0.002 -14"><span class='ocrx_word' id='word_1_184' title='bbox 130 2811 191 2845; x_wconf 86' lang='lat' dir='ltr'><strong>nan.</strong></span> <span class='ocrx_word' id='word_1_185' title='bbox 208 2796 244 2846; x_wconf 99' lang='lat' dir='ltr'><strong>H.</strong></span> <span class='ocrx_word' id='word_1_186' title='bbox 256 2796 346 2859; x_wconf 83' lang='lat' dir='ltr'><strong>steph.</strong></span> <span class='ocrx_word' id='word_1_187' title='bbox 358 2797 442 2846; x_wconf 85' lang='lat' dir='ltr'><strong>Livin.</strong></span> <span class='ocrx_word' id='word_1_188' title='bbox 455 2796 541 2845; x_wconf 86' lang='lat' dir='ltr'><strong>Riviu.</strong></span> <span class='ocrx_word' id='word_1_189' title='bbox 560 2796 592 2845; x_wconf 89' lang='lat' dir='ltr'><strong>ai.</strong></span> <span class='ocrx_word' id='word_1_190' title='bbox 611 2804 677 2845; x_wconf 88' lang='lat' dir='ltr'><strong>vett.</strong></span> <span class='ocrx_word' id='word_1_191' title='bbox 693 2812 712 2846; x_wconf 85' lang='lat' dir='ltr'><strong>c.</strong></span> <span class='ocrx_word' id='word_1_192' title='bbox 724 2812 773 2845; x_wconf 85' lang='lat' dir='ltr'><strong>meo</strong></span> <span class='ocrx_word' id='word_1_193' title='bbox 783 2797 846 2847; x_wconf 89' lang='lat' dir='ltr'><strong>Vet.</strong></span> <span class='ocrx_word' id='word_1_194' title='bbox 860 2797 942 2845; x_wconf 81' lang='lat' dir='ltr'><strong>Livin.</strong></span> <span class='ocrx_word' id='word_1_195' title='bbox 953 2798 1052 2845; x_wconf 88' lang='lat' dir='ltr'><strong>Bertin.</strong></span> <span class='ocrx_word' id='word_1_196' title='bbox 1064 2797 1097 2845; x_wconf 87' lang='lat' dir='ltr'><strong>al.</strong></span> <span class='ocrx_word' id='word_1_197' title='bbox 1110 2812 1152 2858; x_wconf 83' lang='lat' dir='ltr'><strong>ap.</strong></span> <span class='ocrx_word' id='word_1_198' title='bbox 1165 2795 1234 2844; x_wconf 86' lang='lat' dir='ltr'><strong>Rhe·</strong></span> 
     </span>
     <span class='ocr_line' id='line_1_25' title="bbox 130 2860 1233 2924; baseline -0.003 -13"><span class='ocrx_word' id='word_1_199' title='bbox 130 2876 190 2911; x_wconf 84' lang='lat' dir='ltr'><strong>nan.</strong></span> <span class='ocrx_word' id='word_1_200' title='bbox 202 2863 267 2912; x_wconf 82' lang='lat' dir='ltr'><strong>Ere.</strong></span> <span class='ocrx_word' id='word_1_201' title='bbox 279 2863 361 2921; x_wconf 80' lang='lat' dir='ltr'><strong>Lang.</strong></span> <span class='ocrx_word' id='word_1_202' title='bbox 373 2863 437 2910; x_wconf 87' lang='lat' dir='ltr'><strong>Exe.</strong></span> <span class='ocrx_word' id='word_1_203' title='bbox 449 2860 594 2910; x_wconf 82' lang='lat' dir='ltr'><strong>Schonlrov.</strong></span> <span class='ocrx_word' id='word_1_204' title='bbox 606 2861 718 2923; x_wconf 87' lang='lat' dir='ltr'><strong>Guelph.</strong></span> <span class='ocrx_word' id='word_1_205' title='bbox 732 2862 837 2924; x_wconf 77' lang='lat' dir='ltr'><strong>cuspin.</strong></span> <span class='ocrx_word' id='word_1_206' title='bbox 851 2862 883 2912; x_wconf 91' lang='lat' dir='ltr'><strong>P.</strong></span> <span class='ocrx_word' id='word_1_207' title='bbox 898 2861 989 2924; x_wconf 85' lang='lat' dir='ltr'><strong>Steph.</strong></span> <span class='ocrx_word' id='word_1_208' title='bbox 1005 2865 1032 2910; x_wconf 80' lang='lat' dir='ltr'><strong>‘et</strong></span> <span class='ocrx_word' id='word_1_209' title='bbox 1049 2868 1161 2910; x_wconf 82' lang='lat' dir='ltr'><strong>recentt.</strong></span> <span class='ocrx_word' id='word_1_210' title='bbox 1179 2860 1233 2909; x_wconf 77' lang='lat' dir='ltr'><strong>tiat-</strong></span> 
     </span>
     <span class='ocr_line' id='line_1_26' title="bbox 130 2926 1236 2987; baseline -0.005 -10"><span class='ocrx_word' id='word_1_211' title='bbox 130 2926 284 2987; x_wconf 76' lang='lat' dir='ltr'><strong>dmjaetitat</strong></span> <span class='ocrx_word' id='word_1_212' title='bbox 302 2926 364 2976; x_wconf 92' lang='lat' dir='ltr'><strong>edd.</strong></span> <span class='ocrx_word' id='word_1_213' title='bbox 385 2935 444 2977; x_wconf 84' lang='lat' dir='ltr'><strong>ante</strong></span> <span class='ocrx_word' id='word_1_214' title='bbox 462 2926 554 2975; x_wconf 83' lang='lat' dir='ltr'><strong>Arutz.</strong></span> <span class='ocrx_word' id='word_1_215' title='bbox 573 2927 616 2987; x_wconf 85' lang='lat' dir='ltr'><strong>qni</strong></span> <span class='ocrx_word' id='word_1_216' title='bbox 634 2943 648 2975; x_wconf 88' lang='lat' dir='ltr'><strong>e</strong></span> <span class='ocrx_word' id='word_1_217' title='bbox 667 2928 742 2975; x_wconf 87' lang='lat' dir='ltr'><strong>codd.</strong></span> <span class='ocrx_word' id='word_1_218' title='bbox 761 2928 830 2977; x_wconf 88' lang='lat' dir='ltr'><strong>Gud.</strong></span> <span class='ocrx_word' id='word_1_219' title='bbox 846 2935 874 2975; x_wconf 88' lang='lat' dir='ltr'><strong>et</strong></span> <span class='ocrx_word' id='word_1_220' title='bbox 892 2928 978 2976; x_wconf 86' lang='lat' dir='ltr'><strong>Moerl.</strong></span> <span class='ocrx_word' id='word_1_221' title='bbox 996 2927 1112 2975; x_wconf 82' lang='lat' dir='ltr'><strong>restituit</strong></span> <span class='ocrx_word' id='word_1_222' title='bbox 1126 2926 1236 2975; x_wconf 80' lang='lat' dir='ltr'><strong>lividius.</strong></span> 
     </span>
     <span class='ocr_line' id='line_1_27' title="bbox 132 2991 1234 3053; baseline 0 -13"><span class='ocrx_word' id='word_1_223' title='bbox 132 2995 204 3053; x_wconf 82' lang='lat' dir='ltr'><strong>Mox,</strong></span> <span class='ocrx_word' id='word_1_224' title='bbox 222 2994 281 3041; x_wconf 80' lang='lat' dir='ltr'><strong>Jam</strong></span> <span class='ocrx_word' id='word_1_225' title='bbox 300 2998 350 3041; x_wconf 88' lang='lat' dir='ltr'><strong>tum</strong></span> <span class='ocrx_word' id='word_1_226' title='bbox 367 2993 428 3042; x_wconf 84' lang='lat' dir='ltr'><strong>Vet.</strong></span> <span class='ocrx_word' id='word_1_227' title='bbox 441 2993 552 3040; x_wconf 84' lang='lat' dir='ltr'><strong>Putean.</strong></span> <span class='ocrx_word' id='word_1_228' title='bbox 564 2993 625 3041; x_wconf 81' lang='lat' dir='ltr'><strong>Ver·</strong></span> <span class='ocrx_word' id='word_1_229' title='bbox 636 2993 719 3042; x_wconf 85' lang='lat' dir='ltr'><strong>Livin.</strong></span> <span class='ocrx_word' id='word_1_230' title='bbox 732 2993 834 3041; x_wconf 75' lang='lat' dir='ltr'><strong>Berlin.</strong></span> <span class='ocrx_word' id='word_1_231' title='bbox 851 2992 921 3042; x_wconf 83' lang='lat' dir='ltr'><strong>Gud.</strong></span> <span class='ocrx_word' id='word_1_232' title='bbox 938 2993 1025 3042; x_wconf 70' lang='lat' dir='ltr'><strong>Marri.</strong></span> <span class='ocrx_word' id='word_1_233' title='bbox 1037 2993 1122 3040; x_wconf 83' lang='lat' dir='ltr'><strong>Baun.</strong></span> <span class='ocrx_word' id='word_1_234' title='bbox 1137 2991 1234 3041; x_wconf 75' lang='lat' dir='ltr'><strong>Cellar.</strong></span> 
     </span>
     <span class='ocr_line' id='line_1_28' title="bbox 131 3057 1235 3120; baseline -0.001 -16"><span class='ocrx_word' id='word_1_235' title='bbox 131 3058 207 3105; x_wconf 80' lang='lat' dir='ltr'><strong>Rama</strong></span> <span class='ocrx_word' id='word_1_236' title='bbox 217 3059 313 3119; x_wconf 83' lang='lat' dir='ltr'><strong>patebat</strong></span> <span class='ocrx_word' id='word_1_237' title='bbox 324 3059 388 3107; x_wconf 80' lang='lat' dir='ltr'><strong>Ere.</strong></span> <span class='ocrx_word' id='word_1_238' title='bbox 399 3058 543 3108; x_wconf 85' lang='lat' dir='ltr'><strong>Schonlrov.</strong></span> <span class='ocrx_word' id='word_1_239' title='bbox 554 3065 581 3107; x_wconf 87' lang='lat' dir='ltr'><strong>et</strong></span> <span class='ocrx_word' id='word_1_240' title='bbox 594 3058 748 3120; x_wconf 72' lang='lat' dir='ltr'><strong>Caspia—⁵</strong></span> <span class='ocrx_word' id='word_1_241' title='bbox 767 3059 872 3108; x_wconf 87' lang='lat' dir='ltr'><strong>Puteol.</strong></span> <span class='ocrx_word' id='word_1_242' title='bbox 887 3060 994 3119; x_wconf 86' lang='lat' dir='ltr'><strong>Cuspin.</strong></span> <span class='ocrx_word' id='word_1_243' title='bbox 1010 3057 1131 3107; x_wconf 87' lang='lat' dir='ltr'><strong>Rhenan.</strong></span> <span class='ocrx_word' id='word_1_244' title='bbox 1141 3057 1235 3120; x_wconf 80' lang='lat' dir='ltr'><strong>stepn.</strong></span> 
     </span>
     <span class='ocr_line' id='line_1_29' title="bbox 131 3122 1235 3185; baseline -0.003 -13"><span class='ocrx_word' id='word_1_245' title='bbox 131 3124 215 3172; x_wconf 85' lang='lat' dir='ltr'><strong>Livin.</strong></span> <span class='ocrx_word' id='word_1_246' title='bbox 227 3122 312 3170; x_wconf 87' lang='lat' dir='ltr'><strong>Rivin.</strong></span> <span class='ocrx_word' id='word_1_247' title='bbox 320 3123 353 3172; x_wconf 84' lang='lat' dir='ltr'><strong>al.</strong></span> <span class='ocrx_word' id='word_1_248' title='bbox 365 3133 430 3173; x_wconf 83' lang='lat' dir='ltr'><strong>vett.</strong></span> <span class='ocrx_word' id='word_1_249' title='bbox 441 3122 502 3170; x_wconf 80' lang='lat' dir='ltr'><strong>nihil</strong></span> <span class='ocrx_word' id='word_1_250' title='bbox 511 3124 655 3185; x_wconf 71' lang='lat' dir='ltr'><strong>separatim:</strong></span> <span class='ocrx_word' id='word_1_251' title='bbox 666 3123 751 3171; x_wconf 88' lang='lat' dir='ltr'><strong>Moerl.</strong></span> <span class='ocrx_word' id='word_1_252' title='bbox 762 3122 874 3183; x_wconf 86' lang='lat' dir='ltr'><strong>Guelpir.</strong></span> <span class='ocrx_word' id='word_1_253' title='bbox 882 3123 943 3171; x_wconf 85' lang='lat' dir='ltr'><strong>Vet.</strong></span> <span class='ocrx_word' id='word_1_254' title='bbox 951 3124 1062 3174; x_wconf 83' lang='lat' dir='ltr'><strong>Putean.</strong></span> <span class='ocrx_word' id='word_1_255' title='bbox 1071 3122 1150 3172; x_wconf 87' lang='lat' dir='ltr'><strong>Grnt.</strong></span> <span class='ocrx_word' id='word_1_256' title='bbox 1159 3131 1187 3170; x_wconf 84' lang='lat' dir='ltr'><strong>et</strong></span> <span class='ocrx_word' id='word_1_257' title='bbox 1197 3136 1235 3170; x_wconf 82' lang='lat' dir='ltr'><strong>re·</strong></span> 
     </span>
     <span class='ocr_line' id='line_1_30' title="bbox 131 3186 1234 3252; baseline 0 -16"><span class='ocrx_word' id='word_1_258' title='bbox 131 3196 213 3236; x_wconf 86' lang='lat' dir='ltr'><strong>centt.</strong></span> <span class='ocrx_word' id='word_1_259' title='bbox 224 3189 287 3236; x_wconf 68' lang='lat' dir='ltr'><strong>attuit</strong></span> <span class='ocrx_word' id='word_1_260' title='bbox 296 3191 410 3252; x_wconf 84' lang='lat' dir='ltr'><strong>aperanti.</strong></span> <span class='ocrx_word' id='word_1_261' title='bbox 433 3188 535 3237; x_wconf 86' lang='lat' dir='ltr'><strong>Puteal.</strong></span> <span class='ocrx_word' id='word_1_262' title='bbox 549 3188 630 3236; x_wconf 78' lang='lat' dir='ltr'><strong>uren.</strong></span> <span class='ocrx_word' id='word_1_263' title='bbox 641 3189 676 3237; x_wconf 90' lang='lat' dir='ltr'><strong>H.</strong></span> <span class='ocrx_word' id='word_1_264' title='bbox 684 3186 775 3248; x_wconf 86' lang='lat' dir='ltr'><strong>Steph.</strong></span> <span class='ocrx_word' id='word_1_265' title='bbox 787 3189 872 3237; x_wconf 86' lang='lat' dir='ltr'><strong>Rivin.</strong></span> <span class='ocrx_word' id='word_1_266' title='bbox 887 3193 1029 3250; x_wconf 78' lang='lat' dir='ltr'><strong>augumento</strong></span> <span class='ocrx_word' id='word_1_267' title='bbox 1036 3205 1046 3245; x_wconf 82' lang='lat'><strong>,-</strong></span> <span class='ocrx_word' id='word_1_268' title='bbox 1058 3189 1126 3237; x_wconf 88' lang='lat' dir='ltr'><strong>Exc.</strong></span> <span class='ocrx_word' id='word_1_269' title='bbox 1137 3188 1234 3237; x_wconf 84' lang='lat' dir='ltr'><strong>Schon.</strong></span> 
     </span>
     <span class='ocr_line' id='line_1_31' title="bbox 131 3253 1234 3315; baseline -0.002 -14"><span class='ocrx_word' id='word_1_270' title='bbox 131 3254 163 3304; x_wconf 88' lang='lat' dir='ltr'><strong>P.</strong></span> <span class='ocrx_word' id='word_1_271' title='bbox 172 3254 263 3312; x_wconf 84' lang='lat' dir='ltr'><strong>Steph.</strong></span> <span class='ocrx_word' id='word_1_272' title='bbox 274 3254 352 3303; x_wconf 85' lang='lat' dir='ltr'><strong>Grut.</strong></span> <span class='ocrx_word' id='word_1_273' title='bbox 364 3263 392 3302; x_wconf 89' lang='lat' dir='ltr'><strong>et</strong></span> <span class='ocrx_word' id='word_1_274' title='bbox 404 3261 514 3302; x_wconf 88' lang='lat' dir='ltr'><strong>recentt.</strong></span> <span class='ocrx_word' id='word_1_275' title='bbox 530 3259 664 3313; x_wconf 79' lang='lat' dir='ltr'><strong>augmenta,</strong></span> <span class='ocrx_word' id='word_1_276' title='bbox 679 3262 706 3300; x_wconf 90' lang='lat' dir='ltr'><strong>nt</strong></span> <span class='ocrx_word' id='word_1_277' title='bbox 718 3254 786 3315; x_wconf 84' lang='lat' dir='ltr'><strong>conj.</strong></span> <span class='ocrx_word' id='word_1_278' title='bbox 799 3255 915 3302; x_wconf 81' lang='lat' dir='ltr'><strong>Rhenan.</strong></span> <span class='ocrx_word' id='word_1_279' title='bbox 927 3263 952 3302; x_wconf 83' lang='lat' dir='ltr'><strong>et</strong></span> <span class='ocrx_word' id='word_1_280' title='bbox 964 3253 1076 3302; x_wconf 85' lang='lat' dir='ltr'><strong>Puteau.</strong></span> <span class='ocrx_word' id='word_1_281' title='bbox 1093 3258 1234 3313; x_wconf 76' lang='lat' dir='ltr'><strong>argumenta</strong></span> 
     </span>
     <span class='ocr_line' id='line_1_32' title="bbox 131 3317 1234 3381; baseline -0.002 -12"><span class='ocrx_word' id='word_1_282' title='bbox 131 3319 245 3381; x_wconf 84' lang='lat' dir='ltr'><strong>Guelph.</strong></span> <span class='ocrx_word' id='word_1_283' title='bbox 262 3319 409 3380; x_wconf 78' lang='lat' dir='ltr'><strong>‘praefertur</strong></span> <span class='ocrx_word' id='word_1_284' title='bbox 425 3318 525 3369; x_wconf 76' lang='lat' dir='ltr'><strong>anatim</strong></span> <span class='ocrx_word' id='word_1_285' title='bbox 542 3318 645 3367; x_wconf 84' lang='lat' dir='ltr'><strong>Puteol.</strong></span> <span class='ocrx_word' id='word_1_286' title='bbox 663 3317 777 3367; x_wconf 82' lang='lat' dir='ltr'><strong>erenan.</strong></span> <span class='ocrx_word' id='word_1_287' title='bbox 798 3320 832 3370; x_wconf 89' lang='lat' dir='ltr'><strong>H.</strong></span> <span class='ocrx_word' id='word_1_288' title='bbox 846 3319 936 3379; x_wconf 85' lang='lat' dir='ltr'><strong>Steph.</strong></span> <span class='ocrx_word' id='word_1_289' title='bbox 955 3319 1036 3366; x_wconf 90' lang='lat' dir='ltr'><strong>Livin.</strong></span> <span class='ocrx_word' id='word_1_290' title='bbox 1053 3319 1133 3367; x_wconf 89' lang='lat' dir='ltr'><strong>Grnt.</strong></span> <span class='ocrx_word' id='word_1_291' title='bbox 1147 3319 1234 3367; x_wconf 85' lang='lat' dir='ltr'><strong>Rivin.</strong></span> 
     </span>
     <span class='ocr_line' id='line_1_33' title="bbox 132 3382 1233 3447; baseline -0.001 -15"><span class='ocrx_word' id='word_1_292' title='bbox 132 3384 216 3432; x_wconf 83' lang='lat' dir='ltr'><strong>Paris.</strong></span> <span class='ocrx_word' id='word_1_293' title='bbox 226 3384 297 3431; x_wconf 89' lang='lat' dir='ltr'><strong>nullo</strong></span> <span class='ocrx_word' id='word_1_294' title='bbox 309 3385 402 3433; x_wconf 85' lang='lat' dir='ltr'><strong>seusn.’</strong></span> <span class='ocrx_word' id='word_1_295' title='bbox 412 3385 499 3434; x_wconf 75' lang='lat' dir='ltr'><strong>Arata.</strong></span> <span class='ocrx_word' id='word_1_296' title='bbox 530 3383 652 3446; x_wconf 80' lang='lat' dir='ltr'><strong>perfertur</strong></span> <span class='ocrx_word' id='word_1_297' title='bbox 662 3382 776 3447; x_wconf 84' lang='lat' dir='ltr'><strong>Guelplr.</strong></span> <span class='ocrx_word' id='word_1_298' title='bbox 789 3385 876 3434; x_wconf 79' lang='lat' dir='ltr'><strong>utoert.</strong></span> <span class='ocrx_word' id='word_1_299' title='bbox 888 3386 953 3433; x_wconf 81' lang='lat' dir='ltr'><strong>Exc.</strong></span> <span class='ocrx_word' id='word_1_300' title='bbox 964 3383 1112 3433; x_wconf 83' lang='lat' dir='ltr'><strong>Schouhov.</strong></span> <span class='ocrx_word' id='word_1_301' title='bbox 1126 3385 1233 3447; x_wconf 86' lang='lat' dir='ltr'><strong>Cuspin.</strong></span> 
     </span>
     <span class='ocr_line' id='line_1_34' title="bbox 131 3447 1012 3511; baseline -0.001 -14"><span class='ocrx_word' id='word_1_302' title='bbox 131 3449 163 3499; x_wconf 92' lang='lat' dir='ltr'><strong>P.</strong></span> <span class='ocrx_word' id='word_1_303' title='bbox 172 3449 261 3511; x_wconf 83' lang='lat' dir='ltr'><strong>Steph.</strong></span> <span class='ocrx_word' id='word_1_304' title='bbox 274 3450 389 3498; x_wconf 85' lang='lat' dir='ltr'><strong>Patarol.</strong></span> <span class='ocrx_word' id='word_1_305' title='bbox 399 3449 493 3498; x_wconf 90' lang='lat' dir='ltr'><strong>Cellar.</strong></span> <span class='ocrx_word' id='word_1_306' title='bbox 508 3451 569 3510; x_wconf 82' lang='lat' dir='ltr'><strong>qaod</strong></span> <span class='ocrx_word' id='word_1_307' title='bbox 579 3450 622 3497; x_wconf 83' lang='lat' dir='ltr'><strong>din</strong></span> <span class='ocrx_word' id='word_1_308' title='bbox 633 3447 747 3511; x_wconf 87' lang='lat' dir='ltr'><strong>Guelph.</strong></span> <span class='ocrx_word' id='word_1_309' title='bbox 1009 3454 1012 3460; x_wconf 87' lang='lat'>&#39;</span> 
     </span>
    </p>

    <p class='ocr_par' dir='ltr' id='par_1_5' title="bbox 164 3512 1236 3576">
     <span class='ocr_line' id='line_1_35' title="bbox 164 3512 1236 3576; baseline -0.003 -12"><span class='ocrx_word' id='word_1_310' title='bbox 164 3516 231 3564; x_wconf 70' lang='lat' dir='ltr'><strong>Cle.</strong></span> <span class='ocrx_word' id='word_1_311' title='bbox 243 3527 303 3564; x_wconf 82' lang='lat' dir='ltr'><strong>xvr.</strong></span> <span class='ocrx_word' id='word_1_312' title='bbox 338 3519 351 3563; x_wconf 91' lang='lat'>1</span> <span class='ocrx_word' id='word_1_313' title='bbox 368 3515 474 3564; x_wconf 86' lang='lat' dir='ltr'><strong>Puteal.</strong></span> <span class='ocrx_word' id='word_1_314' title='bbox 487 3514 604 3563; x_wconf 89' lang='lat' dir='ltr'><strong>Rhenan.</strong></span> <span class='ocrx_word' id='word_1_315' title='bbox 620 3514 711 3576; x_wconf 82' lang='lat' dir='ltr'><strong>steph.</strong></span> <span class='ocrx_word' id='word_1_316' title='bbox 725 3513 809 3563; x_wconf 82' lang='lat' dir='ltr'><strong>Livin.</strong></span> <span class='ocrx_word' id='word_1_317' title='bbox 823 3514 856 3562; x_wconf 85' lang='lat' dir='ltr'><strong>al.</strong></span> <span class='ocrx_word' id='word_1_318' title='bbox 874 3519 939 3564; x_wconf 87' lang='lat' dir='ltr'><strong>vett.</strong></span> <span class='ocrx_word' id='word_1_319' title='bbox 956 3513 1058 3562; x_wconf 81' lang='lat' dir='ltr'><strong>omnium</strong></span> <span class='ocrx_word' id='word_1_320' title='bbox 1076 3513 1175 3563; x_wconf 75' lang='lat' dir='ltr'><strong>nomina</strong></span> <span class='ocrx_word' id='word_1_321' title='bbox 1190 3512 1236 3561; x_wconf 81' lang='lat' dir='ltr'><strong>tri·</strong></span> 
     </span>
    </p>
   </div>
   <div class='ocr_carea' id='block_1_4' title="bbox 627 3645 735 3695">
    <p class='ocr_par' dir='ltr' id='par_1_6' title="bbox 627 3645 735 3695">
     <span class='ocr_line' id='line_1_36' title="bbox 627 3645 735 3695; baseline 0 0"><span class='ocrx_word' id='word_1_322' title='bbox 627 3645 735 3695; x_wconf 85' lang='lat' dir='ltr'>NOTAE</span> 
     </span>
    </p>
   </div>
   <div class='ocr_carea' id='block_1_5' title="bbox 133 3749 1236 4274">
    <p class='ocr_par' dir='ltr' id='par_1_7' title="bbox 133 3749 1236 4274">
     <span class='ocr_line' id='line_1_37' title="bbox 163 3749 1234 3816; baseline -0.003 -13"><span class='ocrx_word' id='word_1_323' title='bbox 163 3757 172 3787; x_wconf 63' lang='lat'><em>³</em></span> <span class='ocrx_word' id='word_1_324' title='bbox 188 3753 219 3803; x_wconf 86' lang='lat' dir='ltr'><strong>la</strong></span> <span class='ocrx_word' id='word_1_325' title='bbox 229 3753 293 3802; x_wconf 84' lang='lat' dir='ltr'><strong>sacri</strong></span> <span class='ocrx_word' id='word_1_326' title='bbox 304 3753 405 3816; x_wconf 83' lang='lat' dir='ltr'><strong>pectoris</strong></span> <span class='ocrx_word' id='word_1_327' title='bbox 416 3751 522 3814; x_wconf 83' lang='lat' dir='ltr'><strong>comitia]</strong></span> <span class='ocrx_word' id='word_1_328' title='bbox 538 3751 582 3801; x_wconf 86' lang='lat' dir='ltr'><strong>Sic</strong></span> <span class='ocrx_word' id='word_1_329' title='bbox 595 3751 662 3800; x_wconf 86' lang='lat' dir='ltr'><strong>enirn</strong></span> <span class='ocrx_word' id='word_1_330' title='bbox 699 3752 804 3801; x_wconf 88' lang='lat' dir='ltr'><strong>Mostel.</strong></span> <span class='ocrx_word' id='word_1_331' title='bbox 822 3752 909 3800; x_wconf 78' lang='lat' dir='ltr'><strong>‘Dum</strong></span> <span class='ocrx_word' id='word_1_332' title='bbox 923 3751 983 3799; x_wconf 90' lang='lat' dir='ltr'><strong>mihi</strong></span> <span class='ocrx_word' id='word_1_333' title='bbox 996 3759 1115 3800; x_wconf 81' lang='lat' dir='ltr'><strong>senatum</strong></span> <span class='ocrx_word' id='word_1_334' title='bbox 1133 3749 1234 3800; x_wconf 83' lang='lat' dir='ltr'><strong>consilii</strong></span> 
     </span>
     <span class='ocr_line' id='line_1_38' title="bbox 133 3827 1027 3894; baseline -0.003 -16"><span class='ocrx_word' id='word_1_335' title='bbox 133 3830 269 3893; x_wconf 85' lang='lat' dir='ltr'><strong>quisecum</strong></span> <span class='ocrx_word' id='word_1_336' title='bbox 279 3830 335 3892; x_wconf 89' lang='lat' dir='ltr'><strong>ipse</strong></span> <span class='ocrx_word' id='word_1_337' title='bbox 347 3828 477 3894; x_wconf 81' lang='lat' dir='ltr'><strong>dealiqua</strong></span> <span class='ocrx_word' id='word_1_338' title='bbox 490 3845 516 3877; x_wconf 87' lang='lat' dir='ltr'><strong>re</strong></span> <span class='ocrx_word' id='word_1_339' title='bbox 525 3829 663 3888; x_wconf 87' lang='lat' dir='ltr'><strong>deliberat,</strong></span> <span class='ocrx_word' id='word_1_340' title='bbox 699 3829 723 3877; x_wconf 93' lang='lat' dir='ltr'><strong>iu</strong></span> <span class='ocrx_word' id='word_1_341' title='bbox 737 3830 816 3878; x_wconf 89' lang='lat' dir='ltr'><strong>corde</strong></span> <span class='ocrx_word' id='word_1_342' title='bbox 828 3827 962 3887; x_wconf 49' lang='lat' dir='ltr'><strong>convoco:</strong></span> <span class='ocrx_word' id='word_1_343' title='bbox 973 3829 1027 3876; x_wconf 69' lang='lat' dir='ltr'><strong>&amp;a</strong></span> 
     </span>
     <span class='ocr_line' id='line_1_39' title="bbox 133 3902 1235 3968; baseline -0.004 -12"><span class='ocrx_word' id='word_1_344' title='bbox 133 3915 160 3957; x_wconf 88' lang='lat' dir='ltr'><strong>et</strong></span> <span class='ocrx_word' id='word_1_345' title='bbox 173 3908 299 3955; x_wconf 87' lang='lat' dir='ltr'><strong>rationum</strong></span> <span class='ocrx_word' id='word_1_346' title='bbox 310 3907 334 3954; x_wconf 91' lang='lat' dir='ltr'><strong>in</strong></span> <span class='ocrx_word' id='word_1_347' title='bbox 351 3914 485 3968; x_wconf 90' lang='lat' dir='ltr'><strong>utramque</strong></span> <span class='ocrx_word' id='word_1_348' title='bbox 499 3913 597 3967; x_wconf 81' lang='lat' dir='ltr'><strong>partem</strong></span> <span class='ocrx_word' id='word_1_349' title='bbox 609 3921 662 3954; x_wconf 89' lang='lat' dir='ltr'><strong>mo·</strong></span> <span class='ocrx_word' id='word_1_350' title='bbox 732 3907 870 3968; x_wconf 52' lang='lat' dir='ltr'><strong>wadego]</strong></span> <span class='ocrx_word' id='word_1_351' title='bbox 896 3906 1000 3954; x_wconf 84' lang='lat' dir='ltr'><strong>Flavius</strong></span> <span class='ocrx_word' id='word_1_352' title='bbox 1023 3905 1131 3959; x_wconf 75' lang='lat' dir='ltr'><strong>Navita,</strong></span> <span class='ocrx_word' id='word_1_353' title='bbox 1151 3902 1235 3968; x_wconf 86' lang='lat' dir='ltr'><strong>‘qui,&#39;</strong></span> 
     </span>
     <span class='ocr_line' id='line_1_40' title="bbox 133 3982 1235 4046; baseline 0 -15"><span class='ocrx_word' id='word_1_354' title='bbox 133 3993 221 4031; x_wconf 83' lang='lat' dir='ltr'><strong>menta</strong></span> <span class='ocrx_word' id='word_1_355' title='bbox 233 3983 367 4045; x_wconf 82' lang='lat' dir='ltr'><strong>expendit,</strong></span> <span class='ocrx_word' id='word_1_356' title='bbox 380 3985 451 4046; x_wconf 84' lang='lat' dir='ltr'><strong>quasi</strong></span> <span class='ocrx_word' id='word_1_357' title='bbox 466 3982 572 4032; x_wconf 83' lang='lat' dir='ltr'><strong>comitia</strong></span> <span class='ocrx_word' id='word_1_358' title='bbox 583 3983 663 4031; x_wconf 86' lang='lat' dir='ltr'><strong>habet</strong></span> <span class='ocrx_word' id='word_1_359' title='bbox 700 3995 729 4032; x_wconf 91' lang='lat' dir='ltr'><strong>ut</strong></span> <span class='ocrx_word' id='word_1_360' title='bbox 746 3985 782 4032; x_wconf 86' lang='lat' dir='ltr'><strong>ait</strong></span> <span class='ocrx_word' id='word_1_361' title='bbox 801 3983 950 4032; x_wconf 82' lang='lat' dir='ltr'><strong>Aurarianus</strong></span> <span class='ocrx_word' id='word_1_362' title='bbox 969 3982 1012 4030; x_wconf 88' lang='lat' dir='ltr'><strong>lib.</strong></span> <span class='ocrx_word' id='word_1_363' title='bbox 1024 3995 1093 4031; x_wconf 81' lang='lat' dir='ltr'><strong>xxrt.</strong></span> <span class='ocrx_word' id='word_1_364' title='bbox 1114 3988 1161 4031; x_wconf 87' lang='lat' dir='ltr'><strong>‘ut</strong></span> <span class='ocrx_word' id='word_1_365' title='bbox 1181 3983 1235 4045; x_wconf 89' lang='lat' dir='ltr'><strong>pri·</strong></span> 
     </span>
     <span class='ocr_line' id='line_1_41' title="bbox 133 4057 1235 4125; baseline 0.001 -17"><span class='ocrx_word' id='word_1_366' title='bbox 133 4060 202 4122; x_wconf 77' lang='lat' dir='ltr'><strong>apud</strong></span> <span class='ocrx_word' id='word_1_367' title='bbox 215 4074 242 4109; x_wconf 88' lang='lat' dir='ltr'><strong>se</strong></span> <span class='ocrx_word' id='word_1_368' title='bbox 255 4068 281 4108; x_wconf 89' lang='lat' dir='ltr'><strong>et</strong></span> <span class='ocrx_word' id='word_1_369' title='bbox 299 4062 324 4108; x_wconf 92' lang='lat' dir='ltr'><strong>in</strong></span> <span class='ocrx_word' id='word_1_370' title='bbox 337 4061 486 4108; x_wconf 86' lang='lat' dir='ltr'><strong>animosuo.</strong></span> <span class='ocrx_word' id='word_1_371' title='bbox 519 4060 665 4108; x_wconf 84' lang='lat' dir='ltr'><strong>SiePlant.</strong></span> <span class='ocrx_word' id='word_1_372' title='bbox 700 4077 769 4110; x_wconf 89' lang='lat' dir='ltr'><strong>mum</strong></span> <span class='ocrx_word' id='word_1_373' title='bbox 800 4061 925 4125; x_wconf 77' lang='lat' dir='ltr'><strong>augendae</strong></span> <span class='ocrx_word' id='word_1_374' title='bbox 955 4061 1096 4109; x_wconf 81' lang='lat' dir='ltr'><strong>barbaricae</strong></span> <span class='ocrx_word' id='word_1_375' title='bbox 1127 4057 1235 4109; x_wconf 81' lang='lat' dir='ltr'><strong>vilitatis</strong></span> 
     </span>
     <span class='ocr_line' id='line_1_42' title="bbox 134 4137 1236 4201; baseline -0.002 -14"><span class='ocrx_word' id='word_1_376' title='bbox 134 4139 237 4201; x_wconf 79' lang='lat' dir='ltr'><strong>Epidio.</strong></span> <span class='ocrx_word' id='word_1_377' title='bbox 256 4155 288 4189; x_wconf 87' lang='lat' dir='ltr'><strong>rr.</strong></span> <span class='ocrx_word' id='word_1_378' title='bbox 308 4146 331 4189; x_wconf 87' lang='lat'><strong>1.</strong></span> <span class='ocrx_word' id='word_1_379' title='bbox 348 4140 424 4192; x_wconf 82' lang='lat' dir='ltr'><strong>‘Jarn</strong></span> <span class='ocrx_word' id='word_1_380' title='bbox 443 4148 560 4190; x_wconf 86' lang='lat' dir='ltr'><strong>senatum</strong></span> <span class='ocrx_word' id='word_1_381' title='bbox 573 4153 665 4188; x_wconf 89' lang='lat' dir='ltr'><strong>convo·</strong></span> <span class='ocrx_word' id='word_1_382' title='bbox 702 4147 842 4194; x_wconf 86' lang='lat' dir='ltr'><strong>auctorem,</strong></span> <span class='ocrx_word' id='word_1_383' title='bbox 850 4139 1160 4188; x_wconf 82' lang='lat' dir='ltr'><strong>immoderateuotaverat</strong></span> <span class='ocrx_word' id='word_1_384' title='bbox 1169 4137 1236 4187; x_wconf 87' lang='lat' dir='ltr'><strong>Con·</strong></span> 
     </span>
     <span class='ocr_line' id='line_1_43' title="bbox 134 4213 866 4274; baseline -0.003 -8"><span class='ocrx_word' id='word_1_385' title='bbox 134 4216 198 4266; x_wconf 89' lang='lat' dir='ltr'><strong>cabo</strong></span> <span class='ocrx_word' id='word_1_386' title='bbox 211 4217 236 4265; x_wconf 86' lang='lat' dir='ltr'><strong>in</strong></span> <span class='ocrx_word' id='word_1_387' title='bbox 250 4217 328 4267; x_wconf 84' lang='lat' dir='ltr'><strong>corde</strong></span> <span class='ocrx_word' id='word_1_388' title='bbox 341 4216 525 4269; x_wconf 77' lang='lat' dir='ltr'><strong>consiliorum’</strong></span> <span class='ocrx_word' id='word_1_389' title='bbox 553 4216 628 4274; x_wconf 85' lang='lat' dir='ltr'><strong>Idem</strong></span> <span class='ocrx_word' id='word_1_390' title='bbox 640 4216 667 4265; x_wconf 89' lang='lat' dir='ltr'><strong>iu</strong></span> <span class='ocrx_word' id='word_1_391' title='bbox 704 4213 866 4266; x_wconf 66' lang='lat' dir='ltr'><strong>staminum!</strong></span> 
     </span>
    </p>
   </div>
   <div class='ocr_carea' id='block_1_6' title="bbox 0 0 1376 4726">
    <p class='ocr_par' dir='ltr' id='par_1_8' title="bbox 0 0 1376 4726">
     <span class='ocr_line' id='line_1_44' title="bbox 0 0 1376 4726; baseline 0 0"><span class='ocrx_word' id='word_1_392' title='bbox 0 0 1376 4726; x_wconf 95' lang='lat' dir='ltr'><strong> </strong></span> 
     </span>
    </p>
   </div>
  </div>
 </body>
</html>
