2730 4726
487 305 726 355 nnxrursuo.
765 306 825 354 ιιι.
847 290 880 356 9.
1141 292 1229 360 1213

128 449 318 521 bominumt'
342 451 434 516 circa
457 470 522 517 sua
544 470 605 515 ora
627 450 773 516 concreti
794 449 901 532 rigore
923 458 1146 518 canescerent.
1194 454 1228 522 2.

128 556 239 634 Adeo,
251 560 291 620 nt
309 573 364 618 res
378 547 457 631 est,k
478 552 639 618 adversus
655 554 902 619 inclementiam
918 554 1070 619 locorum
1084 575 1126 621 ac
1140 555 1229 622 side-

127 679 201 725 rum
216 665 339 724 vestree
354 675 414 721 vos
428 656 614 740 majestatis
629 656 779 738 potentia
793 656 960 735 tuebatur,
976 663 1011 721 et
1032 659 1154 723 ceteris
1169 657 1228 725 ho·

128 761 277 826 minibus
292 766 393 842 atque
413 757 601 840 regionibus
617 759 650 821 vi
666 756 822 839 frigorum
837 756 985 822 astrictis
999 764 1034 822 et
1047 761 1229 843 oppressis,

128 883 194 930 vos
208 863 300 928 solos
313 880 404 926 auree
416 861 520 940 lenes,
535 860 695 943 vernique
705 859 819 937 flatus,
833 866 877 938 et,
890 856 1054 925 diductis¹
1070 861 1227 944 nubibus,

128 966 175 1031 od
188 966 307 1030 itinera
320 970 436 1029 vestra
451 963 571 1027 directi
585 962 667 1027 eolis
682 963 769 1027 radii
786 965 1020 1048 sequebantur.
1062 964 1096 1029 3.
1111 963 1230 1039 ‘Tanta

127 1068 292 1134 facilitate
307 1067 379 1145 illa,
396 1054 479 1151 quae
494 1070 573 1130 tnnc
589 1063 665 1129 aliis
679 1064 787 1131 forent
801 1065 1057 1144 inaccessibilia,
1072 1086 1229 1154 superas·

128 1172 185 1249 tis,
202 1179 308 1255 atque.
323 1170 401 1234 inde
423 1169 447 1234 J
449 1169 545 1247 ullas,
558 1168 636 1233 hinc
660 1167 792 1235 Cottius
813 1167 956 1253 Alpes,¹¹²
977 1170 1075 1253 quasi
1096 1170 1229 1236 relictus
1316 1174 1318 1178 ’

129 1279 218 1340 cestu
242 1281 387 1338 arenas¹²
410 1272 590 1355 putentium
612 1271 773 1350 littorum,
788 1272 1042 1338 transcurristis.
1085 1274 1119 1335 4.
1140 1271 1230 1338 Eant

128 1396 220 1442 nunc
246 1395 353 1439 rerum
378 1381 529 1439 veterum
552 1373 801 1457 praedicatores,
821 1382 856 1440 et
878 1375 1107 1468 Hannibalem
1132 1376 1229 1441 illum

128 1479 247 1544 multis
266 1477 449 1554 laboribus,
465 1495 654 1561 magnaque
674 1479 843 1543 exercitus
864 1478 917 1543 sui
935 1477 1155 1544 diminutione
1171 1475 1229 1546 Al-

1273 820 1303 887 θ

590 1626 694 1649 nonu
697 1627 771 1648 00000

128 1726 203 1775 egres
211 1712 310 1774 glucies,
320 1711 421 1772 glaciem
431 1711 506 1760 trices.
533 1709 600 1760 Vide
613 1713 691 1763 Nott.
702 1713 825 1762 Verre-2
843 1710 910 1761 Edd.
929 1717 994 1762 vett.
1006 1711 1152 1762 clementium
1167 1714 1228 1763 tucc-

128 1788 202 1836 rum,·
224 1776 325 1826 Puteol.
346 1782 373 1825 et
391 1778 459 1825 Ner.
486 1777 740 1837 clementiutcccrum3
758 1778 864 1841 Cuspio.
880 1786 907 1826 et
925 1776 1042 1827 Rhenau.
1055 1778 1230 1827 inclementiam

127 1844 239 1891 beorum
256 1842 368 1903 Gnelplr.
386 1842 450 1891 Exc.
466 1841 611 1892 Schculror.
631 1849 659 1892 ιι
676 1843 753 1892 Voss.
770 1849 798 1892 ιιι
814 1843 906 1894 ceteris.
923 1843 1002 1892 ‘Ncn
1017 1843 1153 1906 probemur
1165 1857 1230 1892 ocra

127 1906 211 1966 brea,-
229 1907 296 1972 quod
309 1907 405 1970 legitur
417 1909 442 1955 in
454 1905 601 1969 Puteolani,
619 1907 747 1969 Rhenani,
764 1909 852 1965 Nerii,
869 1915 895 1958 et
910 1906 945 1956 H.
957 1909 1082 1970 Stephani
1098 1908 1171 1957 libris
1182 1909 1229 1956 lm·

129 1973 227 2036 pressis
238 1989 245 2032 ;
259 1973 338 2020 multu
350 1971 436 2034 aptius
448 1973 574 2034 scripturn
587 1973 663 2022 estin
675 1973 764 2023 codice
776 1982 873 2034 nostro,
884 1988 949 2022 uuroe
960 1974 1040 2031 leucu
1052 1989 1126 2038 quarn
1139 1973 1229 2022 lectio·

128 2051 189 2087 uem
207 2039 285 2086 etism
304 2047 392 2086 cetere
404 2038 562 2100 exemplario
576 2052 674 2087 excusa
686 2038 808 2102 produnt.
840 2040 915 2088 Aure
926 2039 989 2087 tenes
1000 2045 1027 2087 ct
1036 2039 1136 2101 plucidce
1146 2051 1229 2101 oppo-

128 2109 228 2157 nuntur
244 2103 339 2152 acribus
355 2111 382 2150 ιι
398 2102 497 2164 asperis.
531 2102 627 2158 Etiam,
644 2103 748 2153 diductis
764 2103 863 2152 nubibus
880 2105 971 2152 melius
986 2113 1025 2153 ιιι
1037 2119 1113 2167 quern
1124 2104 1231 2152 deductis

128 2169 247 2225 subibam
270 2182 346 2232 qsram
363 2168 533 2230 posteriorem
549 2168 687 2218 lectionem
707 2169 876 2230 Puteolanus,
895 2169 1004 2230 Neuius,
1019 2177 1047 2218 ιι
1065 2170 1107 2217 stit
1124 2167 1229 2233 qrridem

129 2235 293 2296 evulgarunt.
327 2231 497 2282 ‘Deducere'
512 2241 553 2282 est
573 2233 681 2282 deloco
700 2234 732 2282 ad
751 2235 829 2284 aliurn
847 2237 929 2283 locum
948 2235 1058 2296 alicuem
1078 2235 1189 2294 dneerc;
1203 2241 1231 2283 at

129 2298 288 2347 ‘diducere'
307 2306 346 2347 est
358 2299 512 2362 conjunctas
529 2312 570 2347 res
586 2299 626 2348 rel
638 2299 752 2349 tromiues
763 2300 892 2363 dividere,
908 2299 1059 2355 distrahere,
1072 2300 1229 2362 dispellere;

129 2363 199 2427 quod
212 2364 292 2426 magis
307 2363 365 2413 bule
377 2364 435 2412 lcco
447 2364 567 2425 congruit
578 2378 585 2423 ;
598 2364 642 2412 ubi
659 2365 736 2414 etiam
750 2365 804 2429 jum
817 2365 989 2428 Cuspinianus
1002 2364 1094 2421 edidit,
1106 2365 1230 2417 diductis:

130 2443 277 2493 quanquam
296 2443 346 2477 nou
371 2429 525 2490 nesciamus,
550 2428 670 2477 librarios
692 2429 844 2495 frequenter
861 2429 1006 2480 confudisse
1030 2431 1135 2479 leniret
1155 2430 1232 2489 lecis,·

129 2495 205 2550 item,
222 2495 333 2543 deducere
352 2503 380 2543 et
396 2493 516 2542 diducere.
548 2492 589 2541 Ac
614 2495 682 2542 bunc
701 2495 785 2545 locum
803 2495 858 2544 hoec
875 2503 1065 2544 courmentetnr
1082 2495 1229 2544 Gruterus:

131 2560 195 2609 Duo
206 2559 309 2607 codices
319 2559 422 2607 diductis
428 2573 438 2615 ,·
449 2556 516 2621 qnod
529 2564 556 2607 ιι
572 2559 696 2621 probetur
705 2562 836 2620 Puteanc,
847 2559 1017 2622 ornabatque
1032 2560 1082 2608 istu
1097 2559 1229 2609 Ciceronis

129 2625 157 2674 lu
169 2623 246 2672 Arati
258 2623 447 2672 Plroencmenn:
467 2623 520 2673 ‘Ni
533 2630 607 2685 porte
622 2639 655 2671 ex
668 2625 801 2685 Aqrrilonis
812 2639 918 2686 opacam
927 2625 1024 2686 pellere
1035 2623 1128 2673 nubem
1138 2625 1230 2687 Coepe-

130 2689 174 2746 rit,
192 2697 218 2736 ct
229 2689 322 2737 subitis
334 2688 402 2737 suris
414 2687 544 2736 diduxerit
556 2685 648 2734 Are.''
663 2687 784 2738 Scaeua.
816 2690 877 2738 leues
888 2690 966 2737 etiam
981 2689 1094 2753 Guelplr.
1105 2695 1133 2739 et
1143 2688 1230 2738 Riviu.

130 2759 155 2804 1.
184 2755 251 2802 Vide
272 2754 347 2803 Nott.
359 2754 485 2801 Vere-8
505 2753 582 2801 Tuntu
592 2751 713 2810 felicitate
731 2754 791 2803 edd.
804 2763 866 2802 unte
882 2756 988 2804 Gruter.
1018 2756 1095 2804 Tuntu
1105 2755 1230 2814 facilitate

129 2818 206 2875 codd.
218 2820 390 2869 Selrwsrcian.
401 2818 512 2866 Putean.
523 2817 630 2881 Cuspio.
641 2818 755 2882 Guelplr.
764 2826 791 2868 ιι
800 2819 860 2869 edd.
870 2828 982 2873 recentt.
1009 2820 1091 2870 Cutius
1099 2818 1160 2869 edd.
1168 2828 1231 2870 ante

629 2948 737 2999 NOTAE

161 3048 171 3093 ι
188 3047 316 3098 Arbelitus
326 3046 456 3111 bominum]
474 3047 545 3097 Pots
556 3043 582 3103 in
594 3045 661 3108 regi·
700 3047 853 3098 clericrbac
869 3047 1056 3106 emendatione,
1072 3061 1149 3114 quam
1163 3062 1230 3113 pru·

131 3124 225 3176 suibus
244 3126 356 3176 omniurn
374 3125 484 3176 maxime
498 3124 661 3189 septemtrio·
701 3130 775 3175 teres
786 3125 920 3176 Puteanus
931 3126 1011 3176 allata
1024 3125 1158 3176 Ciceronis
1170 3140 1230 3177 auc·

132 3204 243 3254 nulibus.
701 3201 963 3250 toritateconfiunet.

164 3279 177 3314 ¹
196 3281 230 3330 Ut
240 3295 278 3330 res
286 3280 333 3343 cet]
344 3279 479 3344 Loquendi
489 3277 580 3328 mcdns
592 3277 662 3340 upud
734 3283 753 3309 ⁸¹
768 3277 855 3341 Alpes]
870 3277 956 3327 Series
967 3276 1103 3332 montium,
1120 3275 1164 3340 qui
1175 3275 1231 3325 Its·

131 3356 187 3420 ejus
203 3357 252 3404 seri
272 3357 413 3419 scriptores
430 3353 564 3418 frequens.
595 3353 662 3402 Pan.
701 3352 761 3404 llam
773 3352 807 3403 ab
816 3353 956 3402 Germania
964 3353 1087 3403 etGallie
1098 3360 1231 3417 ceperant.

132 3438 206 3485 unt.
219 3438 226 3462 ⁸
237 3435 300 3495 Sed,
312 3443 340 3483 nt
350 3449 391 3483 res
404 3440 453 3497 est,
466 3441 553 3482 urente
565 3447 662 3496 prsesa·
702 3429 802 3479 Horum
824 3430 958 3492 longitudo
977 3439 1019 3478 ιιι
1041 3432 1114 3478 3000.
1135 3427 1231 3479 stedie-

132 3511 291 3575 gsomnibus
303 3511 465 3560 verecundie
478 3510 661 3560 observationi·
701 3519 767 3562 rum,
786 3512 853 3556 teste
869 3506 951 3556 Livio.
984 3506 1039 3555 Pro
1056 3507 1125 3555 varia
1143 3516 1231 3555 ιιιιιιιι

130 3586 181 3637 bus
192 3585 345 3635 imbuebas!
380 3587 461 3635 Plura
478 3585 604 3649 ejusmodi
616 3601 661 3635 ex·
702 3583 817 3633 locorum
834 3581 987 3633 diversitate
1003 3581 1076 3632 raris
1088 3582 1231 3632 icrtiuntur

132 3663 219 3725 erupta
231 3663 362 3711 Livineius
374 3663 661 3726 pouiteubuucespec·
702 3661 813 3720 numina.
844 3660 887 3710 Sic
906 3659 989 3723 Alpes
1008 3659 1064 3708 elie
1084 3666 1144 3708 sunt
1163 3657 1231 3709 ‘Ju-

134 3816 169 3864 ds
180 3829 231 3864 nun
244 3814 314 3872 duri,
326 3828 359 3863 ne
377 3815 432 3879 ejus
449 3815 543 3865 scrinio
558 3815 663 3867 viderer
702 3812 877 3878 ‘maritime'
887 3813 944 3863 aliea
956 3820 964 3843 ‘
976 3809 1084 3873 Grsioe,'
1092 3813 1141 3858 dre.

133 3892 297 3954 compilasse.
734 3899 747 3926 ¹¹
764 3892 841 3950 Quasi
855 3891 950 3942 relictus
970 3898 1031 3941 aeatu
1048 3888 1144 3952 ereum]
1166 3887 1229 3937 Pari

167 3967 173 4001 ¹
188 3968 315 4030 Diductis]
337 3967 529 4017 Bertinienscm
547 3965 663 4018 codicem
703 3968 831 4020 facilitate
848 3976 949 4018 montes
966 3967 1067 4015 nivibus
1079 3977 1192 4027 asperos,
1203 3970 1231 4014 et

133 4053 238 4095 secutus
255 4058 319 4095 sunt.
353 4045 387 4094 Et
405 4059 468 4094 vero
485 4045 522 4095 ite
535 4045 662 4095 Gruterus
704 4059 794 4097 arenas
806 4052 871 4094 testu
884 4052 1022 4104 torrentes,
1038 4050 1116 4106 atque
1130 4055 1186 4090 eam
1197 4040 1230 4091 ob

133 4127 163 4170 ιι
175 4121 309 4170 Puteanus
322 4122 411 4184 legunt
428 4136 475 4186 pro
491 4123 607 4186 deductis,
624 4122 664 4172 nti
703 4138 756 4177 rem
768 4136 849 4190 prope
860 4120 1015 4172 inhabitatae
1026 4118 1220 4170 transcurristis.

134 4203 177 4247 ιιι
187 4199 213 4248 in
223 4198 279 4249 aliis
289 4198 455 4252 editionibus.
487 4199 663 4253 sententiatit
