2730 4726
126 314 213 379 lint
631 325 721 373 vrrn

149 495 193 560 A.
210 497 254 562 U.
271 497 311 563 G.
328 510 466 561 ncvnr.
498 494 624 560 christi
640 507 767 560 ccccv.
804 492 995 561 Constantii
1010 495 1100 582 Aug.
1117 514 1204 564 xlx.

483 598 612 662 Juliani
627 598 733 663 AEtat.
752 614 864 661 xxrv.

171 719 255 786 Cum
281 719 411 784 barbari
438 718 604 803 adversus
629 716 860 798 Magnentium
875 725 909 782 et
924 718 1181 784 Britannionem
1206 740 1226 783 a

128 821 322 887 Constantio
337 823 477 897 evocati,
493 829 528 884 ut
543 820 638 885 refert
653 820 876 899 Sozomeuus,
890 822 1133 906 popularentur
1148 822 1227 889 Gal·

127 925 194 993 lies
209 933 310 1009 atque
326 924 414 989 adeo
431 923 511 1008 plus
526 926 579 987 45.
595 924 734 1008 oppida,
750 921 932 988 Ammiano
952 928 1049 1004 teste,
1064 945 1226 1008 occupas·

128 1036 213 1105 sent,
229 1027 446 1093 Constantius
463 1027 552 1091 haud
562 1026 645 1090 satis
658 1034 767 1090 tutum
776 1033 881 1104 ratus,
890 1046 934 1091 ex
946 1016 1228 1104 ltaliasecedere,
1273 1074 1278 1085 .

128 1130 152 1197 J
155 1132 300 1196 nllanum
316 1129 469 1208 Athenis,
485 1132 543 1194 ubi
559 1129 793 1214 philosophum
804 1130 935 1212 agebat,
945 1138 1140 1196 revocatum
1155 1130 1227 1196 Cae·

128 1254 236 1298 sarem
253 1232 336 1298 facit
352 1250 438 1298 virt.
458 1231 511 1298 Id.
536 1233 702 1297 Novemb.
719 1234 819 1298 simul
841 1233 884 1297 ad
908 1227 1104 1298 firmandam
1120 1229 1228 1312 fidem,

130 1356 193 1400 sua
207 1337 238 1400 ei
253 1356 366 1401 sorore
384 1337 518 1400 Helena
535 1337 654 1419 paucis
669 1342 750 1418 post
765 1335 883 1400 diebus
898 1333 935 1400 in
949 1337 1125 1421 conjugem
1139 1337 1229 1412 dala,

128 1436 240 1522 ipsum
256 1439 471 1522 transalpinis
494 1438 700 1522 praefectum,
723 1439 756 1502 in
780 1433 915 1504 Gallias
940 1436 993 1503 vel
1016 1439 1230 1523 imperatoris

128 1542 308 1623 imaginem
322 1542 480 1621 laturum,
496 1549 534 1605 ut
544 1543 591 1605 ait
605 1541 765 1606 Julianus
777 1541 862 1626 ipse,
876 1542 929 1607 vel
943 1538 1056 1625 potius
1067 1542 1230 1606 adversus

128 1642 290 1723 barbaros
305 1644 539 1709 dimicaturum
553 1645 668 1710 mittit.
714 1645 819 1727 Igitur
841 1664 915 1709 cnm
935 1644 1011 1710 360.
1027 1650 1158 1709 tantum
1174 1646 1231 1709 mi·

129 1748 314 1825 litibus,'ut
327 1749 403 1831 ipse
420 1747 467 1812 ait
486 1748 551 1832 Ep.
567 1746 611 1811 ad
629 1747 663 1812 S.
679 1746 721 1812 P.
738 1746 782 1825 Q.
807 1746 927 1813 Athen.
942 1748 1065 1833 quibus
1079 1746 1132 1813 ita
1147 1768 1230 1832 prae-

130 1857 216 1928 erat,
240 1856 276 1914 ut
296 1849 379 1914 nihil
402 1853 474 1916 sine
496 1851 620 1916 ducum
641 1848 782 1914 consilio
798 1870 896 1930 agere
916 1856 1045 1935 posset,
1066 1849 1150 1915 Kal.
1169 1850 1231 1916 De·

130 1955 237 2018 cemb.
252 1958 263 1987 ‘
278 1974 435 2036 egressus
451 1946 687 2036 deductusque
703 1954 746 2019 ab
763 1947 920 2035 Augusto
933 1952 977 2017 ed
990 1972 1100 2037 nsque
1118 1955 1231 2019 locum

129 2052 262 2120 duabus
287 2057 451 2121 columnis
476 2057 651 2138 insignem,
678 2057 735 2139 qni
757 2054 969 2120 Laumellum
995 2055 1177 2138 inlerJacet
1200 2061 1233 2122 er

130 2158 298 2237 Ticinum,
321 2161 494 2224 itineribus
516 2160 615 2224 rectis
637 2156 805 2224 Taurinos
829 2155 1004 2242 pervenit,'
1029 2158 1089 2222 ubi
1116 2154 1231 2223 audito

130 2263 248 2325 nuntio
270 2267 280 2298 ‘
291 2261 465 2326 Coloniam
487 2261 710 2345 Agrippinam
730 2262 891 2344 pertinaci
906 2262 1126 2324 barbaromm
1143 2263 1230 2327 obsi-

132 2364 229 2426 dione
244 2370 427 2427 reseratam·
439 2374 474 2428 et
489 2365 620 2446 magnis
637 2362 766 2429 viribus
788 2360 959 2440 deletam,’
974 2362 1113 2445 agnovit
1128 2385 1230 2447 quau·

132 2474 202 2529 tum
219 2474 361 2549 accepta
376 2467 438 2530 hac
456 2467 634 2550 provincia
657 2486 732 2532 sese
758 2464 792 2530 in
816 2466 997 2530 discrimen
1020 2463 1230 2549 conjecisset

132 2562 280 2651 Ipseque
295 2568 468 2634 dictitabat
485 2575 495 2604 ‘
511 2570 594 2633 nihil
618 2588 655 2633 se
681 2567 824 2654 ampllus
838 2574 1055 2646 ,assecutum
1073 2588 1175 2652 quam
1198 2573 1232 2633 nt

132 2671 325 2752 occupatior
345 2670 518 2749 interiret,'
541 2678 575 2736 et
595 2671 678 2735 illud
693 2670 924 2748 Homericum,
941 2670 984 2734 de
999 2670 1055 2735 die
1072 2691 1143 2756 quo
1158 2690 1231 2754 pur-

15 2764 22 2780 ·
130 2792 248 2856 puram
271 2779 445 2851 sumserat,
456 2771 593 2865 Ἕλλαβε
613 2771 766 2860 πορφύρεος
787 2771 902 2846 θάνατος
922 2773 970 2835 καὶ
993 2777 1080 2859 μοῖρα
1095 2773 1228 2859 sperata,

49 2912 52 2916 Δ
136 2873 226 2958 Cepit
242 2896 404 2960 purpurea
429 2898 511 2940 mors
533 2888 562 2939 et
580 2898 680 2961 porca
702 2875 847 2940 uiolenta.
890 2874 1061 2942 Viennam
1085 2879 1165 2942 inde
1189 2877 1231 2942 nd

132 2978 334 3043 Rhodanum
347 2996 555 3063 progressus,
564 2998 686 3062 magno
695 2980 843 3044 omniurn
856 2981 1053 3064 populorum
1064 2998 1232 3045 concursu

134 3088 166 3144 et
181 3084 423 3148 acclamatione
443 3093 605 3168 exceptus
629 3090 691 3148 est.
738 3081 860 3147 ‘Tunc
884 3100 970 3146 anus
986 3082 1170 3165 quaedam‚'
1184 3085 1232 3147 in·

135 3185 208 3267 quit
224 3185 431 3264 Ammianus
447 3192 456 3223 ‘
472 3188 590 3251 orbata
602 3186 795 3275 luminibus,
808 3206 885 3249 cum
897 3187 1150 3269 percunctando
1162 3188 1233 3270 quif

133 3305 208 3351 nam
231 3298 321 3354 esset
343 3291 522 3372 ingressus
537 3289 713 3355 lulianum
736 3286 904 3354 Caesarem
924 3291 1156 3373 comperisset,
1173 3308 1232 3355 ex-

134 3391 296 3455 clamavit
310 3392 397 3456 hunc
414 3392 565 3457 Deorum
581 3390 977 3476 templareparaturumss
1023 3391 1133 3476 Cujus
1150 3414 1233 3477 pra·

136 3494 222 3577 sagii
236 3490 338 3557 fidem
360 3496 406 3558 rei
430 3503 569 3559 eventus
592 3507 657 3558 non
678 3496 783 3559 multo
808 3499 887 3579 post
911 3495 1134 3575 confirmavit,
1159 3517 1233 3562 cum

134 3600 242 3664 iactus
257 3597 434 3681 imperator
449 3613 515 3661 non
527 3596 599 3681 jam
615 3596 657 3662 de
672 3605 771 3662 nocte
786 3609 821 3662 et
834 3597 1033 3674 clanculum,
1046 3594 1105 3663 sed
1119 3600 1234 3683 palam

135 3703 265 3786 ejurata
281 3696 472 3766 Christiana
484 3701 641 3784 religione
657 3698 877 3784 gentilitatem
892 3699 1066 3784 professus
1082 3715 1148 3766 est.

179 3867 221 3933 A.
235 3868 279 3933 U.
291 3867 330 3934 C.
348 3882 456 3931 merx.
488 3865 610 3930 Christi
626 3878 772 3928 ccenvr.
803 3860 992 3927 Constantii
1007 3860 1097 3942 Aug.
1115 3877 1191 3926 xx.

504 3967 635 4032 Juliani
651 3965 753 4028 AEtat.
771 3980 867 4027 xxv.

180 4090 396 4157 Constantius
410 4090 444 4153 in
460 4089 571 4152 urbem
585 4084 803 4167 triumphanti
817 4083 935 4146 similis
948 4081 1130 4162 regreditur
1142 4103 1152 4160 ;
1175 4082 1197 4146 J
1200 4103 1233 4146 u-

137 4195 247 4260 lianus
261 4213 339 4258 vero
352 4193 416 4257 hoc
431 4211 516 4257 anuo
532 4189 659 4266 consul,
673 4187 790 4270 hyeme
801 4184 944 4250 Viennae
959 4188 1092 4257 exacta,
1108 4185 1144 4249 in
1162 4187 1236 4250 bar·
