2730 4726
130 286 216 355 1468
450 297 613 351 ιιιιιιιιι
637 297 912 350 ennucvarcue
1020 303 1025 309 ·

130 447 256 524 tundis,
279 446 367 524 dein,
396 465 485 531 quos
515 441 757 509 ludificandos*
786 453 984 529 receperas:
1005 447 1160 514 reductis
1179 470 1235 534 ag·

131 549 277 615 minibus
298 550 454 616 includis.
500 545 595 612 Nihil
619 545 772 627 proderat
791 555 912 611 contra
928 549 1075 628 tendere,
1090 572 1170 616 cum
1192 573 1236 618 ex

129 651 293 716 industria
318 654 368 716 tui
392 652 556 717 cederent.
601 648 744 713 Flexum
765 648 810 713 ad
832 649 1079 734 insequendum
1104 655 1234 722 terreus

129 754 218 836 rigor
239 774 307 818 non
330 755 441 819 dabat.
485 755 517 818 3.
541 751 597 817 Ita
618 752 721 816 nostri
743 752 894 835 proditos
914 756 981 819 sibi
995 756 1234 824 clavisadori-

129 865 244 922 untur:
268 877 344 942 quae
367 858 525 939 gravibus
544 854 737 939 ferratisque
752 855 851 919 nodis
864 856 996 921 bostem
1013 859 1149 926 vulneri
1171 881 1235 927 non

129 967 299 1044 patentem
321 960 482 1025 caedendo
502 958 744 1040 defatigabant,
758 979 800 1023 ac
820 960 967 1024 maxime
988 962 1163 1045 capitibus
1177 985 1234 1050 ap-

129 1062 280 1147 plicatae,
291 1083 379 1146 quos
394 1063 464 1127 ictu
478 1063 760 1147 perturbaverant,
770 1083 866 1128 ruere
878 1065 1055 1146 cogebant.
1087 1069 1124 1132 4.
1139 1068 1234 1133 Tunc

129 1165 178 1231 ire
199 1167 403 1248 praecipites,
418 1165 487 1230 labi
505 1165 657 1242 reclines,
671 1165 854 1229 semineces
867 1165 1036 1242 vacillare,
1053 1175 1116 1232 ant
1135 1169 1234 1233 mori·

129 1265 233 1331 bundi
255 1267 419 1332 sedilibus
436 1268 583 1344 attineri,
599 1267 770 1350 permixta
785 1287 945 1353 equorum
959 1269 1059 1334 clade
1075 1271 1233 1354 impliciti

125 1368 249 1454 jacere,
265 1372 322 1454 qui
344 1378 474 1455 reperto
498 1369 673 1434 sauciandi
694 1370 771 1435 loco
791 1373 921 1455 passim
940 1371 1088 1455 equitem
1107 1373 1235 1439 effraeni

130 1473 248 1538 dolore
268 1474 460 1538 fundebant.
504 1474 536 1536 5.
558 1472 614 1536 Ad
636 1493 739 1537 unum
760 1473 943 1538 interfectis
969 1475 1139 1555 omnibus,
1166 1479 1233 1542 tnis

130 1575 278 1657 integris,
293 1576 461 1641 horrorem
484 1596 647 1641 armorum
668 1575 713 1639 ad
735 1575 935 1640 miraculum
948 1577 1104 1642 victoriae
1126 1585 1234 1644 mans

131 1678 286 1757 tulerunt,
301 1679 405 1764 quod,
421 1679 478 1761 qui
501 1677 759 1742 invulnerabiles
774 1677 993 1755 habebantur,
1008 1680 1082 1742 sine
1098 1687 1232 1748 tuorum

129 1781 323 1847 vulneribus
345 1782 544 1847 interissent.
586 1780 618 1844 6.
641 1778 841 1855 Antoninus,
866 1778 1073 1864 Imperator·
1094 1783 1132 1846 in
1154 1790 1232 1869 toga

129 1892 309 1970 praestans,
326 1891 359 1950 et
372 1905 438 1949 non
452 1885 540 1948 iners
555 1903 617 1947 nec
632 1882 737 1946 sutilis
752 1882 852 1958 bello,
863 1903 940 1946 curn
953 1883 1138 1950 adversum
1153 1887 1231 1951 Par-

130 1986 208 2052 thos
234 1989 335 2052 armis
360 1987 574 2071 experiretur,
598 1984 682 2050 visis
708 1985 943 2068 cataphractis,
965 1986 1055 2051 adeo
1081 1994 1175 2053 totus
1197 1990 1232 2055 in

130 2096 253 2154 metum
274 2091 376 2164 veuit,
391 2098 429 2156 ut
451 2089 539 2154 ultro
555 2089 599 2152 ad
614 2108 725 2170 regem
740 2079 987 2154 conciliatrices
1003 2091 1104 2172 pacis
1119 2093 1231 2157 literne

130 2190 235 2256 daret.
278 2194 308 2256 7.
334 2192 433 2271 Quas
448 2213 525 2256 curn
540 2212 612 2269 rex,
627 2190 827 2255 immodicus
843 2192 956 2269 animi,
971 2194 1170 2276 respuisset,
1184 2197 1230 2260 in·

129 2295 275 2360 colentia
291 2297 428 2380 quidem
444 2295 579 2360 barbari
592 2293 758 2359 debellata
772 2300 834 2373 est,
851 2293 911 2357 scd
933 2294 1146 2377 patefactum
1168 2305 1230 2374 est,

163 2515 171 2545 ³
189 2513 254 2570 Quos
262 2515 293 2564 ori
303 2514 430 2566 ludibrium
442 2515 581 2565 admiseras.

131 2775 183 2827 rin.
193 2780 216 2827 1.
231 2775 396 2827 Diductuecie
404 2775 512 2839 cuspin.
522 2776 600 2826 Grut.
611 2782 639 2826 et
650 2784 762 2826 recenti.
778 2774 963 2825 inrevocabilem
974 2775 1089 2837 impetrem
1100 2777 1161 2829 edel.
1171 2783 1231 2828 ente

131 2843 208 2894 Grut.
241 2844 309 2892 Vide
321 2843 395 2893 Nott.
406 2844 481 2892 Varr.
514 2857 570 2906 qnos
589 2839 731 2906 ludificando
748 2842 816 2904 conj.
832 2841 934 2891 Acidul.
966 2841 1077 2890 ιΜιιιιΙ.
1098 2853 1230 2907 corrupte,

129 2908 226 2963 deducis
236 2910 333 2970 agmini
349 2908 448 2970 Jaeger.
481 2907 543 2956 uitii
557 2910 654 2970 prodent
672 2909 788 2957 Rhenan.
799 2907 868 2969 quod
886 2908 912 2955 in
930 2906 992 2954 Eric.
1004 2909 1230 2961 correxitSebon·

129 2973 189 3024 bor.
205 2975 240 3021 m'l
250 2976 360 3037 proderat
372 2973 483 3035 Gnelpb.
499 2973 669 3022 indestrictus
680 2971 1007 3031 Prrteol.erenen.Steplr.
1019 2971 1108 3022 Ririn.
1116 2978 1141 3023 l.
1150 2976 1231 3024 Lirin.

130 3039 163 3087 al.
173 3046 238 3087 retr.
253 3040 273 3087 i.
285 3039 321 3087 tei
333 3040 395 3087 Vet.
408 3039 492 3088 Lirin.
506 3039 607 3087 Bertin.
620 3037 733 3099 Gnelpb.
746 3038 825 3087 Grut.
836 3045 864 3086 et
875 3037 935 3086 eurr.
949 3044 1060 3087 receutt.
1075 3045 1104 3088 et
1115 3039 1153 3089 alc
1164 3041 1232 3103 conj·

130 3103 280 3152 :beldet-3
298 3104 414 3153 Rhenen.
424 3105 514 3165 Stepb.
525 3104 606 3152 Lirin.
618 3103 724 3152 Puteol.
736 3103 822 3153 Rivin.
831 3107 854 3151 1.
910 3101 965 3150 ictoe
972 3116 981 3158 ,·
997 3101 1059 3151 vet.
1070 3103 1157 3154 Lirin.
1168 3106 1232 3155 Bar.

128 3168 177 3224 tin.
189 3170 251 3217 Exc.
264 3170 343 3231 Lang.
355 3169 461 3232 Cuspin.
472 3169 547 3217 Grut.
557 3168 642 3216 Rivin.
652 3173 676 3218 2.
687 3169 770 3220 Puris.
782 3169 874 3218 Celler.
909 3166 999 3215 etarol.
1008 3165 1110 3228 Jaeger.
1125 3172 1228 3235 efflicte·

127 3237 176 3293 tae
192 3233 262 3283 uun.
274 3243 301 3283 et
312 3236 399 3285 Moeri.
414 3235 547 3296 applicate.
581 3233 697 3282 Rbennn.
707 3241 735 3282 et
746 3232 837 3297 Stepb.
855 3247 922 3281 mere
931 3230 1075 3291 cogetorrtur
1083 3250 1093 3292 ,·
1106 3235 1168 3285 Vet.
1177 3235 1230 3284 Pu·

130 3304 200 3348 tean.
211 3313 268 3348 curn
282 3300 387 3363 reliquis
397 3301 458 3349 edd.
474 3313 543 3348 ruere
553 3299 673 3360 cogebant.
705 3303 712 3328 ‘
726 3301 796 3362 Lege
808 3295 938 3359 cogebont'
951 3296 1105 3348 recidat-«l
1117 3301 1232 3350 Rhenan-

131 3363 238 3426 Cuspirr.
256 3365 346 3426 Steplr.
358 3366 443 3416 Rivin.
461 3365 575 3420 reclines;
593 3363 705 3425 Grrelpb.
715 3365 775 3414 Ver.
788 3365 900 3412 Prrtean.
913 3376 971 3409 curn
983 3362 1043 3410 edd.
1057 3364 1143 3415 Livio.
1155 3365 1232 3416 Grut.

130 3431 405 3480 succenturiatum.
431 3431 543 3493 Gnelpb.
559 3433 585 3476 ot
596 3429 739 3478 moribundi.
773 3428 843 3478 (lod.
859 3436 887 3475 et
905 3426 992 3475 Moerl.
1008 3428 1107 3479 sedibus
1121 3431 1229 3481 attineri.
1282 3453 1285 3469 ι

130 3494 193 3543 Ver.
207 3494 288 3544 Lirin.
305 3496 405 3556 repetito
422 3511 442 3544 s.
461 3497 526 3551 loco,·
540 3493 653 3556 Grrelpb.
668 3499 760 3557 reperto
770 3494 881 3552 faciendi
896 3493 1003 3540 loen-5
1020 3491 1146 3546 Aricinum
1157 3496 1231 3546 mi·

131 3559 173 3609 brer
182 3557 312 3619 intersectis
324 3560 475 3611 Berrin.-6
490 3559 604 3623 Guelpb.
621 3561 731 3609 ademeris
743 3560 904 3609 Poritos-i
922 3557 1027 3607 Puteol.
1038 3567 1066 3608 st
1077 3561 1112 3609 el.
1123 3570 1191 3611 vett.
1206 3561 1231 3610 in

622 3721 735 3774 Nom

131 3841 284 3910 eteoclem,
306 3847 335 3890 ut
359 3841 447 3890 bostar
475 3839 664 3903 progrediendi
729 3839 901 3900 'Antoninus
912 3838 1058 3903 Imperator]
1082 3835 1229 3889 Antoninus

131 3917 240 3981 cupidos
257 3932 287 3966 ac
302 3916 407 3966 nimium
423 3929 451 3964 se
469 3913 602 3967 effundere
614 3933 658 3966 arr·
699 3916 771 3973 Pius,
784 3915 921 3980 erlcpterns
933 3916 965 3964 ab
982 3915 1125 3972 Hadriano,
1138 3916 1230 3967 Romu·

132 4009 182 4052 sos,
206 3994 320 4044 reductis
348 3992 491 4057 agminibus
514 3993 659 4058 derepente
699 4008 739 4043 nse
764 3993 801 4042 rei
829 3991 933 4056 praeirrit
961 4006 1029 4042 enno
1053 3991 1151 4042 Christi
1176 3998 1230 4043 1⁸8.

131 4070 259 4131 includes,
271 4079 347 4134 etque
359 4069 498 4132 opprimes.
684 4069 765 4128 ,obiit
784 4083 850 4116 anno
867 4068 951 4118 eetatie
963 4071 1003 4116 7⁰.
1019 4068 1122 4129 imperii
1134 4071 1176 4118 23.
1188 4069 1231 4120 coi

164 4155 174 4181 ¹
190 4147 368 4213 Ludificemur]
385 4149 530 4211 neomeniis,
546 4151 588 4200 vel
606 4147 659 4199 ior·
700 4146 826 4197 successit
837 4145 876 4195 Μ.
886 4144 1033 4198 Antoninon
1046 4145 1132 4195 Verus
1148 4146 1230 4211 ipsius

133 4223 353 4287 tarrelegenunm
365 4224 515 4289 babiccone·
701 4237 790 4289 gener.
843 4263 846 4267 .
