2730 4726
461 298 747 351 sn.rrrnonos11
772 296 908 346 macri.
1145 285 1232 355 1547

172 537 220 604 A.
236 538 281 604 U.
300 537 341 606 c.
357 552 527 608 noxorrr.
572 535 700 604 christi
728 551 863 602 cccxc.
907 534 1081 603 Valentia
1104 551 1188 602 xvr.

367 642 540 711 Theodos.
561 640 648 725 Imp.
664 655 735 704 xrr.
779 641 886 705 AEtat.
904 657 994 706 xnv.

174 759 498 829 Thessalonicenses
521 759 733 826 Botericbum
746 759 783 824 in
796 759 934 845 Illyrico
950 759 1078 826 militiae
1092 759 1233 844 praesec-

130 870 205 928 tum
220 866 405 948 perimunt:
430 883 533 948 quare
549 865 599 928 ita
613 864 746 929 exarsit
763 865 944 947 imperator
958 870 997 927 ut
1010 863 1173 947 populum
1188 863 1233 929 ad

131 962 299 1036 circenses
320 966 420 1032 ludos
443 954 614 1031 invitatum
636 968 710 1031 sine
727 966 920 1031 discrimine
940 986 1001 1050 per
1020 966 1140 1030 milites
1155 985 1231 1029 earn

131 1068 264 1136 obrem
283 1069 321 1134 iu
343 1068 509 1135 theatrum
531 1068 699 1134 immissos
721 1067 765 1132 ad
789 1076 919 1154 septem
941 1069 1112 1133 hominum
1124 1067 1233 1132 millia

128 1169 277 1238 interfici
293 1172 440 1256 jusserit.
486 1170 528 1236 Id
552 1175 630 1254 post
645 1189 772 1235 caesum
788 1169 973 1252 Eugenium
989 1170 1168 1252 contigisse
1184 1168 1233 1233 ait

128 1274 227 1339 eolus
239 1274 457 1343 Sozomenus.
490 1275 540 1340 Ut
554 1279 591 1338 ut
605 1282 671 1351 est,
682 1272 899 1338 Theodosius
911 1273 1082 1356 publicam
1093 1291 1232 1354 poenam

130 1377 252 1442 abillo
268 1379 459 1463 impositam
474 1378 597 1460 insigni
610 1376 744 1462 pietatis
766 1376 923 1460 exemplo
945 1374 1115 1459 persolvit
1159 1372 1232 1437 Ru-

131 1478 189 1542 fiu.
210 1479 377 1545 Theodor.
404 1481 540 1546 Pauliu.
564 1481 600 1544 iri
625 1478 710 1544 Vita
736 1478 772 1543 S.
798 1478 900 1543 Amb.
928 1479 1084 1562 Prosper.
1128 1475 1232 1542 Galla

131 1581 319 1647 Theodosii
342 1586 465 1672 conjux
487 1604 547 1670 per
561 1583 745 1648 Arcadium
767 1583 954 1666 privignum
976 1603 1074 1647 suum
1089 1580 1231 1666 ejicitur,

131 1689 216 1750 teste
231 1683 421 1753 Marcellin.

172 1868 220 1935 A.
237 1870 282 1936 U.
297 1869 336 1938 c.
353 1889 516 1937 ucxnrv.
560 1871 684 1939 Christi
705 1887 854 1937 cccxci.
891 1871 1064 1936 Valentio.
1087 1887 1187 1936 xvrr.

351 1974 535 2041 Theodosii
552 1976 639 2060 Imp.
657 1990 747 2040 x111.
783 1976 1017 2040 AEtat.x1.vr.

176 2092 411 2160 ‘Theodosius
434 2116 511 2160 cum
533 2105 647 2161 cetera
672 2094 783 2159 omnia
808 2094 969 2178 praeclaro
993 2093 1233 2177 dispensasset,

130 2195 229 2261 urbis
244 2194 512 2279 gubernationem
527 2197 772 2265 Valentiniano
787 2199 934 2282 reliquit.
970 2195 1054 2262 Inde
1069 2216 1144 2262 cum
1160 2196 1232 2261 filio

129 2299 322 2387 (Honorio)
337 2296 677 2387 Constantinopolim
708 2302 774 2368 iter
799 2302 906 2387 capit,
933 2319 1043 2385 eoque
1074 2299 1233 2366 adventat

129 2402 253 2469 iisdem
274 2404 424 2470 Tatiauo
451 2405 720 2492 symmachoque
745 2426 838 2474 coss.
863 2423 913 2470 ιν.
946 2406 1029 2472 Idus
1055 2403 1235 2470 Novemb.'

129 2501 191 2574 Ita
205 2508 322 2573 scribit
335 2508 507 2574 Socrates.

175 2699 327 2769 A.U.c.
343 2719 490 2767 mcxcv.
531 2702 843 2769 christicccxcu.
882 2703 1188 2769 Valentinxvnr.
1262 2771 1264 2778 ,

348 2805 535 2872 Theodosii
550 2807 641 2892 Imp.
658 2823 743 2873 xrv.
767 2809 876 2872 AEtat.
893 2823 1016 2873 xnvrr.

157 2924 417 2991 'Valentiniano
441 2928 487 3001 ab
517 2927 709 3009 Arbogaste
738 2926 870 2993 Gemite
894 2928 993 3018 apud·
1010 2925 1172 2991 Viennam
1197 2924 1232 2988 in

129 3029 406 3110 Galliaocciso3
428 3028 648 3112 Arbogastes
672 3029 832 3095 oriundus
857 3035 990 3112 egente
1013 3028 1232 3104 Francorum,

130 3151 235 3214 qoem
259 3130 446 3196 secundum
468 3151 489 3196 a
511 3132 675 3197 Baudoue
690 3132 789 3211 duce,
803 3133 876 3197 viro
891 3132 966 3216 ejus
983 3131 1146 3214 temporis
1161 3149 1232 3194 omd

129 3235 224 3298 nium
253 3235 500 3318 potentissimo,
526 3235 636 3300 locum
663 3233 846 3300 Gratianus
874 3236 1055 3319 imperator
1083 3233 1233 3297 obtinere
1264 3282 1266 3286 .

122 3336 290 3422 jusserat,
305 3335 366 3402 illo
386 3338 486 3401 rebus
507 3337 660 3401 humanis
678 3345 828 3416 exemto,
843 3339 950 3403 fretus
971 3336 1137 3402 industria
1157 3355 1232 3412 sua,

129 3438 219 3504 citra
233 3438 397 3521 principis
412 3440 658 3517 auctoritatem,
674 3440 852 3524 imperium
877 3441 943 3505 sibi
965 3440 1109 3505 militare
1125 3439 1232 3505 vindi-

131 3547 277 3607 caverat.
323 3540 360 3605 Is
375 3540 523 3606 babebat
538 3544 572 3607 in
587 3543 665 3607 aula
689 3544 755 3607 sibi
777 3565 799 3609 a
823 3544 1000 3609 Ricomere
1019 3543 1233 3610 commenda-

130 3651 205 3711 tum
226 3650 260 3708 et
283 3644 440 3709 traditum
465 3645 535 3708 ludi
559 3645 701 3711 literarii
727 3648 922 3729 magistrum
950 3646 1148 3730 Eugenium,
1174 3644 1232 3709 cui

131 3767 264 3814 summa
278 3748 429 3814 doctrina
451 3750 525 3832 pari
545 3750 726 3832 conjuncta
741 3751 821 3814 vitae
844 3751 1031 3834 integritate
1052 3756 1086 3813 et
1106 3767 1232 3811 morum

130 3850 299 3935 elegantia
320 3869 473 3934 magnum
495 3854 529 3916 in
549 3851 673 3918 Galliis
695 3856 923 3918 auctoritatem
947 3854 1081 3918 lecerat.
1126 3849 1233 3932 Igitur

129 3955 335 4020 amoliturus
360 3974 381 4019 a
406 3975 442 4020 sa
466 3955 635 4022 affectatae
662 3957 846 4041 tyrannidis
867 3957 1040 4033 invidiam,
1067 3954 1169 4019 simul
1195 3960 1233 4018 ut

128 4058 208 4143 ipse
223 4059 289 4122 sub
304 4059 379 4143 ejus
393 4060 527 4124 nomine
542 4060 787 4126 administraret
801 4061 988 4146 imperium,
999 4060 1089 4125 bunc
1100 4056 1232 4143 Augus·

128 4167 201 4228 tom
213 4161 248 4226 in
265 4161 451 4228 Occidente
465 4163 641 4230 acclamat.
