2730 4726
294 304 351 354 rr..
375 305 536 362 vnnnnrr
561 305 821 356 consuluntur
847 309 985 370 nsunt.
1105 298 1192 365 1319

88 452 154 512 ret.
198 445 321 514 Utrum
344 447 588 514 Constantinus
612 449 717 533 paulo
740 456 817 516 ante
837 459 973 518 mortem
997 457 1192 540 baptisatus

85 552 200 631 fuerit,
214 559 253 616 ut
268 557 435 618 testantur
448 557 526 637 post
543 553 737 632 Eusebium,
754 555 949 640 Hieronym.
965 558 999 621 in
1013 559 1191 640 Chronico,

87 655 252 720 Ambros.
269 657 401 720 oratio
417 656 484 719 fon.
499 654 667 719 Theodos.
684 655 854 732 Socrates,
871 659 1072 726 Theodorei.
1090 663 1191 728 Sozo-

86 777 219 835 menus,
236 757 423 822 Chronicon
438 756 625 821 Alexandr.
641 761 701 822 &a
720 779 762 823 an
787 781 865 824 vero
888 763 993 844 paulo
1016 770 1092 828 ante
1115 786 1191 830 con·

86 861 206 925 cilium
221 861 414 937 Nicaenum‚
427 870 464 925 ut
477 882 520 925 ex
536 862 624 926 actis
639 862 802 946 Sylvestri
821 873 852 928 et
864 865 1080 948 Theophanis
1096 869 1193 932 testi·

85 965 204 1029 monio
227 965 371 1049 probare
394 965 566 1029 contendit
582 965 760 1042 Baronius‚
784 967 866 1030 nihil
891 966 1038 1032 affirmo:
1062 976 1190 1034 tantum

85 1066 167 1131 dico
189 1055 298 1152 neque
321 1073 401 1132 actu
422 1066 481 1130 illa
503 1066 667 1150 Sylvestri
690 1089 820 1151 magnae
844 1069 934 1151 apud
957 1071 1048 1136 viros
1071 1071 1190 1137 doctos
1294 1133 1296 1136 ,

85 1169 300 1234 auctoritatis
321 1189 408 1247 esse,
428 1189 535 1253 neque
558 1189 717 1234 ausurum
740 1190 887 1254 unquam
904 1171 1086 1236 Eusebium
1103 1174 1137 1236 in
1154 1193 1190 1239 re

84 1279 157 1337 tam
180 1277 262 1336 nota
284 1273 439 1355 cuiquam
469 1274 656 1355 imponere:
685 1275 869 1356 praesertim
898 1294 973 1338 cum
1005 1275 1039 1339 id
1068 1284 1188 1359 quarto

83 1381 269 1459 postquam
293 1375 490 1458 contigisset
514 1395 600 1440 anno
625 1377 793 1441 scriberet.
841 1377 966 1458 Magna
981 1378 1016 1443 vi
1031 1385 1065 1442 et
1086 1378 1189 1443 animi

85 1483 120 1540 et
135 1479 288 1561 corporis
303 1475 375 1554 fuit,
397 1478 579 1542 excellenti
605 1480 674 1542 oris
699 1479 827 1561 specie,
852 1487 980 1544 statura
1003 1481 1189 1565 praestanti,

82 1587 121 1644 ut
136 1581 215 1664 ipso
229 1587 371 1663 aspectu
386 1579 541 1663 injiceret
556 1582 656 1645 simul
671 1587 703 1645 et
719 1602 867 1646 umorem
882 1590 918 1648 et
936 1583 1188 1650 admirationem

83 1683 150 1747 sui·
194 1681 379 1746 Gestorum
400 1682 563 1746 bellorum
592 1684 816 1764 magnitudine
839 1692 871 1749 et
893 1686 1105 1752 victoriarum
1128 1709 1188 1753 nu·

82 1803 176 1849 mero
192 1784 389 1867 praeclarus,
406 1785 440 1846 in
456 1776 574 1866 praelio
589 1793 751 1858 strenuus,
772 1786 920 1851 clemens
935 1788 969 1852 in
986 1789 1137 1867 victoria,
1153 1792 1187 1854 in

81 1906 169 1970 paco
193 1886 466 1952 administrandae
489 1887 682 1971 reipublicae
699 1889 926 1971 peritissimus
948 1892 1110 1956 honarum
1135 1913 1186 1957 ar·

81 1990 165 2054 tium
180 2008 315 2072 parens.
359 1987 410 2053 Eo
426 1988 540 2054 laudis
555 1991 666 2054 miuus
686 1990 842 2072 cupidus,
865 2010 934 2075 quo
958 1992 1095 2076 dignior,
1111 1994 1184 2058 ubi·

81 2111 149 2176 qne
162 2089 374 2171 magnificus,
389 2090 550 2168 liberalis,
567 2091 727 2156 adversus
751 2093 859 2170 bonos
879 2095 981 2172 mitis,
995 2096 1031 2158 in
1046 2096 1186 2160 seditio·

80 2212 159 2258 uum
184 2193 343 2273 lautores,
366 2194 630 2278 qualescumque
656 2193 706 2259 illi
731 2193 847 2273 forent,
871 2196 1044 2279 usquead
1069 2204 1185 2286 notam

79 2295 288 2361 crudelitatis
311 2315 460 2370 severus
487 2297 679 2379 integritate
702 2299 794 2375 vitae,
817 2299 1029 2376 castimonia,
1056 2305 1183 2384 tempe-

78 2400 201 2476 rantia,
217 2398 404 2481 ceterisque
416 2396 618 2470 Christianis
629 2399 812 2465 virtutibus
827 2400 982 2481 insignis,
996 2399 1183 2468 Catholicae
1259 2454 1262 2463 .

78 2521 157 2567 vero
181 2499 262 2564 fidei
281 2499 396 2564 studio
419 2519 461 2564 eo
485 2499 719 2582 praedicandus
741 2502 861 2583 magis,
885 2502 979 2586 quod
1008 2502 1183 2584 religionis
1274 2505 1275 2508 ’

78 2603 292 2680 Christianae,
313 2621 416 2686 quam
438 2603 674 2686 imperatorum
698 2603 926 2669 Romanorum
950 2604 1080 2688 primus
1106 2626 1180 2670 sus·

77 2710 223 2790 ceperat,
252 2704 379 2769 vindex
409 2706 589 2769 acerrimus
617 2706 781 2782 extiterit,
812 2706 890 2770 dum
915 2707 983 2790 ipsi
1014 2726 1180 2775 sacrorum
1286 2707 1289 2712 ’

77 2808 248 2878 antistites
261 2806 474 2875 vehementer
489 2809 625 2875 interae
641 2809 846 2875 dissiderent.
