2730 4726
132 293 228 361 tau
457 310 623 364 nazian
648 313 923 365 rinnernrous

134 453 307 519 exercitus
334 455 440 534 visos,
470 458 530 542 qni
559 478 598 523 se
632 458 798 523 divinitus
833 459 960 525 missos
986 479 1061 544 prae
1090 480 1131 526 se
1160 463 1241 530 sere·

133 557 227 623 baut.
281 558 317 623 2.
351 557 395 621 Et
427 560 584 642 quamvis
619 560 780 624 coelestia
815 561 882 625 sub
913 561 1037 626 oculos
1068 561 1241 629 bominum

132 659 246 722 venire
267 677 334 722 non
364 661 507 738 soleant,
534 661 629 744 quod
655 680 820 738 crassam,
847 669 884 726 et
908 663 1112 745 caligantem
1138 668 1242 733 aciem

132 761 282 844 simplex
313 761 376 825 illa
407 770 444 826 et
476 763 697 828 inconcreta¹
729 764 927 829 substantia
960 773 1093 830 naturae
1129 769 1242 832 tenuis

133 862 271 928 eludat:
307 863 358 927 illi
401 871 516 928 tamen
558 865 780 929 auxiliatores
817 866 878 943 tui,
914 867 1025 950 aspici
1061 868 1242 952 audirique

132 965 323 1048 patientes:
358 966 418 1029 nbi
451 967 605 1030 meritum
639 974 734 1031 tuum
763 966 933 1031 testificati
965 973 1056 1045 suut,
1087 970 1243 1034 mortalis

132 1064 229 1130 visus
259 1067 451 1149 contagium
479 1066 715 1150 refugerunt·
758 1069 796 1159 3..
814 1067 883 1132 Sed
912 1088 1073 1151 qnaenam
1102 1069 1166 1135 illa
1193 1070 1241 1135 su·

131 1166 200 1231 isse
226 1166 351 1233 dicitnr
377 1169 541 1254 speciosi
572 1170 630 1252 qui
657 1171 753 1250 vigor
781 1171 992 1252 corporum‘t
1015 1190 1096 1254 quaa
1121 1172 1242 1256 ampli·

131 1270 217 1335 tudo
242 1273 491 1336 membrorum?
519 1289 599 1354 quae
629 1271 790 1336 alacritas
818 1272 1055 1336 volontatomt
1103 1273 1241 1356 Flagra-

131 1373 213 1439 bant
227 1374 406 1438 verendum
422 1373 542 1437 nescio
556 1373 639 1456 quid
655 1374 800 1440 umbone
819 1373 979 1450 corusci,¹
998 1379 1032 1439 et
1046 1374 1240 1441 coeiestium

131 1493 298 1540 armorum
312 1475 371 1538 lux
385 1475 544 1539 terribilis
557 1473 717 1539 ardebat:
739 1474 827 1538 tales
846 1473 934 1537 enim
950 1480 1123 1554 venerant,
1138 1484 1179 1540 ut
1193 1477 1241 1541 tui

131 1577 352 1642 crederentur.
410 1580 443 1643 4.
479 1576 572 1641 Haec
602 1579 751 1661 ipsorum
782 1576 1031 1654 sermocinatio,
1059 1577 1127 1643 boc
1157 1580 1240 1643 inter

132 1679 311 1744 audientes
335 1679 503 1743 ferebant:
526 1677 807 1742 ‘Constantinum
831 1680 993 1761 petimus,
1017 1678 1238 1744 Constantino

130 1782 219 1846 imus
234 1779 386 1845 anxilio?
428 1782 461 1845 5.
484 1779 628 1844 Habent
642 1779 793 1862 proiecto
809 1789 844 1844 et
855 1779 970 1845 diviua
977 1779 1194 1862 jactantiam,
1208 1785 1238 1845 et

131 1886 283 1950 coelestia
299 1905 436 1969 quoqne
452 1883 557 1966 tangit
572 1883 736 1947 ambitio!
779 1881 836 1946 Illi
856 1883 947 1948 coelo
967 1882 1070 1966 lapsi,
1085 1884 1140 1949 illi
1156 1885 1238 1950 divi·

130 1986 223 2053 nitus
239 1987 336 2050 missi
352 1985 586 2069 gloriabantur,
603 1983 693 2067 qnod
712 1983 773 2047 tibi
787 1985 987 2050 militabant.
1024 1985 1059 2049 6.
1080 1985 1238 2051 Ducebat

131 2088 205 2164 bos,
220 2090 332 2166 credo,
344 2088 563 2153 Constantius
580 2094 685 2170 pater,
697 2087 758 2171 qui
775 2093 933 2151 terrarum
948 2087 1127 2169 triumphis
1142 2088 1237 2153 altior

130 2191 190 2255 tibi
206 2198 379 2271 cesserat?
393 2189 525 2254 divinas
542 2187 779 2274 expeditiones
788 2187 861 2270 jam
879 2188 991 2254 Divus
1007 2189 1173 2272 agitabat.
1205 2191 1236 2254 7.

163 2321 171 2354 ¹
190 2323 302 2384 Corporis
312 2337 404 2385 expers.

161 2395 180 2419 ¹·
199 2389 327 2451 Postquam
346 2387 444 2437 vinitio
461 2391 509 2436 tuce
528 2387 687 2438 testimoniam
708 2388 832 2450 dedmnt,
849 2401 900 2437 aere
918 2385 1038 2437 mnium
1055 2387 1164 2452 aspectui
1184 2384 1234 2437 rab-

131 2453 318 2564 dufe'lgi'rieabot
329 2515 354 2564 in
367 2516 398 2563 iia
408 2516 519 2577 majestas
530 2517 607 2566 nescio
619 2531 680 2579 qna,
693 2515 782 2580 clypeis
792 2514 971 2581 effulgentibrta.

161 2588 173 2612 ⁰
191 2580 256 2630 Suae
266 2581 304 2629 nel
314 2581 340 2629 ia
352 2582 454 2629 coelestes
465 2582 529 2629 cudit
542 2582 650 2643 ambitio.

159 2652 175 2687 P
193 2644 243 2700 Qui
249 2659 273 2694 re
284 2646 425 2707 agnoscebat
437 2646 539 2694 terrenis
550 2646 678 2709 triumphis
688 2661 704 2695 u
716 2649 739 2695 te
750 2644 868 2708 superari.

162 2841 231 2890 Car.
244 2853 305 2890 xiv.
338 2842 354 2888 2
368 2839 401 2889 Et
412 2856 435 2904 q.
447 2855 469 2888 c.
480 2839 523 2888 rub
538 2841 610 2890 oeulis
624 2839 734 2902 Cuspio.
746 2840 864 2889 erenan.
876 2839 969 2901 Stepb.
981 2837 1064 2887 Lirin.
1074 2837 1182 2889 Puteal.
1192 2838 1233 2890 lli·

129 2905 181 2955 rin.
193 2906 227 2954 al.
240 2913 305 2954 vett.
329 2906 363 2952 Et
375 2922 398 2968 q.
408 2920 429 2955 c.
441 2904 484 2953 rub
495 2907 573 2955 ocrim
583 2906 647 2955 Vet.
661 2907 743 2955 Lirin.
755 2906 856 2954 Berlin.
868 2903 982 2980 Guelpb.
994 2903 1072 2952 erut.
1084 2913 1113 2953 et
1127 2911 1233 2955 receuti.

127 2985 180 3033 que
198 2983 301 3019 cruorum
319 2969 425 3018 Puteol.
446 2971 507 3033 qaod
523 2985 627 3019 nusum
638 2971 756 3019 Rhenan.
773 2978 801 3018 et
818 2976 931 3018 receutt.
951 2969 1055 3043 simplex
1065 2975 1090 3019 et
1102 2970 1233 3020 irieonrretr

128 3033 241 3095 Gnelpir.
253 3042 278 3081 et
291 3033 352 3080 edd.
365 3041 429 3083 vett.
456 3034 557 3097 simplex
568 3035 707 3083 iliortinc.
735 3034 958 3094 Berlincuspin.
987 3032 1232 3107 VrdeNott.l⁷arr.

128 3100 135 3126 ‘
149 3099 235 3147 Moerl.
247 3099 314 3145 male
326 3097 430 3147 nutura!
445 3097 545 3161 Jaeger.
567 3100 602 3163 ibi
613 3105 690 3148 tomen
702 3100 800 3148 Bertin.
813 3098 928 3161 Guelplr.
954 3099 962 3126 ‘
976 3097 1073 3146 Merito
1084 3099 1136 3148 sibi
1148 3099 1233 3162 dupli-

128 3176 187 3211 cere
200 3163 264 3212 dicit
278 3161 371 3211 Livio!
383 3165 475 3224 Joeger.
494 3164 618 3226 ordirique
628 3164 742 3226 potientis
752 3164 844 3225 Steplr.
856 3162 960 3212 Puteol.
973 3161 1060 3211 Riviu.
1076 3179 1100 3212 a.
1116 3165 1233 3227 potientes

127 3227 188 3274 Vet.
209 3228 320 3277 Putean.
338 3234 365 3276 et
383 3242 472 3290 margo
490 3228 530 3276 ed.
549 3229 667 3277 erenan.
688 3229 751 3276 item
771 3230 836 3277 Exn.
857 3227 1002 3277 Sobonbov.
1023 3226 1134 3277 Puteol.
1155 3229 1234 3278 Lirin.

128 3289 206 3366 (init.
219 3299 246 3340 et
260 3299 370 3367 receuti.
393 3306 473 3341 vernus
491 3294 627 3354 contagium
645 3293 762 3369 Rhenan.
781 3292 884 3342 Puteal.
903 3291 994 3352 Steph.
1014 3291 1101 3342 Riviu.
1121 3293 1155 3368 al.
1171 3299 1233 3368 vett.

126 3357 541 3494 tttttt't‘ttttstjtttitt:
553 3357 1050 3484 initiabat‘tttttttttt
1064 3363 1233 3484 ‘tritta

126 3483 236 3532 umbones
251 3498 351 3543 corusci,
362 3491 385 3533 et
401 3485 529 3533 coelestium
545 3499 664 3533 armornm
675 3498 689 3532 e
702 3486 769 3548 conj.
786 3483 897 3534 Acidalii
917 3489 1073 3543 receperunt
1092 3485 1190 3536 cellar.
1207 3491 1233 3534 ct

126 3548 223 3610 Jaeger.
233 3549 293 3596 Vid.
306 3549 469 3597 Notharr.
487 3551 530 3597 luc
540 3549 970 3612 mantuaGuetpn.er1ttoert.-t
984 3549 1070 3602 Sigon.
1083 3548 1158 3612 Opp.
1172 3559 1231 3600 torn.

128 3627 146 3661 ι.
160 3628 215 3675 par.
230 3626 260 3661 tt.
273 3628 297 3676 p.
307 3617 347 3661 76.
360 3614 424 3662 citat
441 3614 491 3661 baec
502 3613 574 3662 inter.
610 3614 708 3663 Omnes
721 3615 789 3674 libri,
813 3614 856 3662 boc
872 3614 993 3661 iuba-tt
1006 3613 1067 3661 Ver.
1080 3612 1195 3663 Putean.
1206 3623 1232 3662 et

127 3677 195 3728 Gud.
212 3679 283 3728 etiam
295 3677 435 3727 divina-ti
450 3678 515 3727 Voc.
531 3679 599 3728 credo
611 3680 685 3728 abest
698 3694 713 3728 u
726 3679 813 3728 Moerl.
835 3677 917 3726 aitiori
934 3676 980 3726 tibi
996 3676 1130 3730 addente
1144 3678 1230 3728 Arata.

126 3869 151 3918 id
171 3869 196 3919 in
216 3871 351 3920 Gallorum
373 3870 487 3920 omnium
505 3883 549 3918 ore
567 3869 656 3929 fuisse,
700 3873 784 3922 oda.
796 3873 803 3900 ‘
815 3871 913 3934 patiens
925 3869 1135 3921 voceriCaerarin
1148 3868 1233 3926 ultor,'

126 3945 236 3996 affirmat
257 3939 388 4011 praesente
400 3947 570 3996 Constantino
589 3949 658 4012 ipso,
699 3954 727 3997 et
745 3947 798 3997 Od.
820 3951 859 3995 19.
877 3947 978 3996 ‘voltus
1001 3945 1115 3996 lubricus
1135 3942 1232 4011 aspici.¹

126 4031 152 4070 et
164 4037 248 4073 coram
262 4025 338 4074 variis
351 4024 462 4074 omniurn
471 4024 602 4074 nationum
613 4039 658 4090 po·
699 4021 773 4071 idem
793 4020 826 4068 de
845 4022 911 4069 Arte
930 4019 1007 4070 Poiit.
1029 4017 1068 4070 is.
1091 4025 1150 4072 lus.
1167 4021 1229 4071 ‘Ce-

126 4099 204 4161 putis.
632 4105 634 4109 ’
700 4098 797 4149 neusin
812 4098 903 4148 vitium
916 4094 1003 4149 flecti-⁵

158 4180 169 4207 ²
185 4175 319 4241 Aurttriqae
326 4176 457 4241 potientes]
475 4176 520 4227 Sic
533 4175 627 4227 Horat.
639 4189 659 4225 r.
