2730 4726
127 277 216 344 ulo
444 290 605 349 iream
628 292 906 344 rsusorrroos

128 444 267 515 sosas,
295 455 374 522 qum
402 436 438 501 is
464 435 526 501 iilo
553 437 673 521 praelio
699 438 852 505 ieoeriss
897 438 970 522 Ego
998 458 1081 506 reso
1109 440 1229 514 iterum

127 547 281 626 queror!¹
330 538 365 605 3.
394 538 630 622 Proswxerss
658 541 785 618 omnis,
813 540 1033 625 disposueras
1062 545 1229 624 universo,

127 641 251 709 mmmi
264 641 481 726 Imperatoris
494 641 606 707 officis
619 641 864 726 compleveras.
906 644 976 710 Gur
996 647 1073 728 ipso
1086 665 1230 730 pugnos·

127 743 178 810 rit
200 762 263 809 our
284 750 319 810 te
331 743 545 809 densissimis
563 744 711 810 hostium
725 745 836 828 globis
850 745 1043 811 miscuisti't
1067 765 1130 811 our
1142 747 1230 812 selu·

127 852 196 912 lem
218 845 416 930 reipublice
437 846 472 909 in
496 846 650 929 periouh
669 852 764 912 emta
780 847 926 913 misissit
967 849 1003 912 t
1024 846 1081 912 An
1099 851 1232 916 nescire

127 968 191 1015 uos
216 956 331 1033 putes,
353 946 459 1033 qood,
482 967 560 1013 cum
587 949 695 1015 nimio
718 951 883 1034 repereris
906 949 1034 1028 ardore,
1059 952 1098 1016 iu
1123 951 1234 1018 medis
1262 1030 1267 1043 ,

127 1052 274 1118 hostium
287 1050 359 1116 tels
372 1051 571 1126 deveneras,
584 1059 633 1130 et,
648 1053 714 1117 nisi
729 1054 819 1118 viem
832 1053 895 1118 tibi
909 1052 1064 1119 oaedibru
1081 1055 1235 1138 operuis-

128 1172 195 1232 ses,
218 1173 314 1238 spem
336 1154 442 1219 totius
468 1154 600 1236 generis
626 1153 764 1219 humani
783 1161 818 1220 et
841 1159 922 1220 voto
942 1153 1160 1237 deoepems't
1202 1159 1234 1222 d.

127 1254 218 1322 'l'oto
232 1257 360 1341 quippe
375 1258 502 1340 impetu
513 1263 529 1292 ¹
538 1255 711 1333 terebsre,
725 1257 862 1322 torrenti
876 1257 999 1322 similis
1011 1258 1117 1337 amui,
1131 1279 1237 1344 quem

128 1361 281 1447 abruptae
294 1361 456 1426 radicitus
469 1362 591 1444 sylvae,
607 1369 642 1426 et
657 1362 823 1427 oonvulso
836 1361 989 1428 fonditus
1008 1382 1098 1429 sexo
1114 1385 1237 1450 seque-

129 1472 273 1529 rentur..
292 1468 329 1528 ti.
351 1462 450 1543 Quid
463 1463 526 1528 tibi
545 1469 622 1542 est:
642 1463 846 1548 Imperator,
860 1485 936 1530 com
955 1465 1114 1532 inferiore
1133 1467 1238 1534 sotto·

130 1568 199 1631 uoi
244 1565 331 1632 Illos
349 1587 498 1651 pugnare
516 1568 571 1632 sss
589 1573 655 1647 est,
668 1569 792 1652 quibus
811 1589 876 1635 suo
896 1569 1065 1656 cujusque
1083 1571 1158 1639 isto
1179 1576 1240 1653 sot

130 1668 332 1734 viucendum
353 1676 416 1749 est,
428 1678 487 1736 aot
507 1669 715 1752 cadendum3
737 1680 788 1750 tu,
810 1673 908 1757 cujus
930 1691 975 1736 ex
996 1671 1068 1738 vite
1087 1675 1241 1741 omnium

131 1771 205 1837 iota
225 1772 385 1857 pendent,
405 1773 451 1838 od
472 1773 579 1838 ullum
593 1773 773 1839 discrimen
793 1775 963 1840 oocedssl
985 1774 1069 1840 iuter
1092 1783 1147 1841 tot
1169 1776 1242 1842 telo

132 1873 331 1960 gladiosque
354 1877 507 1942 verserel
529 1875 608 1959 quis
629 1874 696 1940 hoo
722 1895 746 1940 e
769 1882 802 1941 to
826 1877 958 1959 exigit‘t
980 1883 1039 1943 out
1060 1877 1139 1960 quis
1166 1878 1242 1963 poti

132 1976 258 2060 possit,
276 1984 316 2042 ut
334 1979 517 2062 quicquam
538 1978 573 2042 in
594 1984 626 2042 te
647 1978 728 2042 belli
750 1980 887 2043 casibus
905 1978 1031 2044 liceett
1053 1979 1178 2049 dooeat
1196 1987 1242 2056 ts,

132 2079 330 2164 Imperator,
345 2081 475 2146 hostem
490 2081 612 2146 feriret
635 2081 737 2145 immo
751 2101 818 2146 uon
832 2082 931 2146 deoet
944 2081 1109 2147 laborare.

178 2181 268 2248 Gsr.
293 2200 335 2251 x.
372 2184 404 2249 1.
428 2184 604 2268 spectavit
623 2203 668 2249 ex
688 2183 779 2249 edito
799 2190 935 2250 menter
957 2182 1101 2249 Xerxes
1119 2183 1243 2249 nevelo

134 2289 312 2350 certamen.
356 2283 534 2368 Augustus
561 2284 658 2350 eliud
684 2292 819 2366 egeust
851 2285 934 2351 rioit
964 2284 1059 2369 opud
1088 2282 1241 2350 Actium,

137 2565 202 2615 Ere.
214 2563 357 2615 Sohonlror.
369 2565 476 2629 Cuspio.
489 2565 521 2617 P.
530 2567 620 2631 Steph.
629 2567 708 2617 Grut.
720 2575 749 2616 et
757 2568 919 2615 recente-2
930 2563 1018 2614 Moerl.
1034 2562 1134 2621 isterius
1140 2579 1227 2628 quaer
1234 2581 1244 2623 ,-

136 2630 241 2680 Acidol.
259 2631 327 2696 conj.
344 2631 432 2682 iterum
449 2636 586 2695 quaro-3
605 2631 874 2694 sertim-ursmarum
893 2629 972 2678 omniu
989 2629 1159 2678 sinisera-4
1178 2627 1244 2679 Edu

137 2703 198 2746 sote
210 2695 541 2760 drotmqroddumsirsiot
569 2697 657 2747 Moeri.
669 2697 731 2760 qood
742 2696 887 2745 ausimo.
920 2694 995 2753 Mox,
1004 2694 1127 2743 desereris
1138 2693 1245 2744 Puteol.

137 2761 295 2812 liberauit.
307 2761 340 2811 il.
352 2768 379 2810 et
388 2762 421 2811 P.
432 2761 526 2824 Steph.
536 2760 647 2812 chouet.
657 2761 742 2811 Rivin.
754 2764 779 2810 1.
795 2762 940 2809 ‘deessem
950 2757 1062 2808 dederat
1075 2758 1245 2822 Lirimque·

137 2827 220 2878 secuti
230 2826 308 2877 Grut.
318 2834 346 2877 et
356 2827 458 2890 reliqui,
469 2825 546 2889 idque
555 2827 670 2889 postulet
678 2839 787 2892 sequens
796 2823 936 2888 dereperus’
947 2822 1090 2874 Aratu-d
1103 2824 1170 2875 Vide
1178 2823 1246 2874 iolrs

138 2892 204 2944 Not.
217 2891 311 2956 Delph.
324 2892 387 2943 item
400 2891 478 2942 Nott.
489 2892 569 2941 Vsrr.
1203 2943 1205 2946 ,
1239 2940 1242 2955 ,Ι

172 2956 239 3008 Cre.
253 2970 281 3008 x.
314 2955 455 3020 ISpeetors
466 2956 526 3006 edd.
538 2955 689 3006 snteGrut.
715 2953 814 3017 Speetrt
831 2951 1016 3003 liet-Putem.
1042 2950 1165 3016 Spretooit
1180 2953 1245 3011 Ere,

138 3018 224 3086 Long.
243 3021 323 3074 Grut.
341 3031 369 3072 et
388 3029 501 3072 receutt.
534 3021 659 3085 Augustus
680 3018 771 3085 aliquid
787 3032 862 3082 egros
881 3018 988 3082 cuspin.
1010 3017 1129 3069 Rhesso.
1153 3018 1248 3084 Steplr·

640 3165 749 3220 NOTAE

141 3270 187 3318 rut
196 3264 347 3330 effugiendi,
358 3270 402 3315 sut
412 3273 439 3315 te
451 3267 613 3332 insequendi.
713 3265 774 3315 dum
793 3263 904 3314 conlido.
938 3261 1098 3314 lneditlone
1116 3263 1246 3325 Potesne}

173 3350 193 3378 ¹¹
210 3342 302 3392 Iterum
311 3341 408 3408 queror]
430 3342 471 3394 An
483 3345 570 3395 iterum
582 3341 673 3408 quero?
715 3342 781 3400 Quid
791 3340 837 3392 tili
847 3346 892 3403 eri,
903 3342 1048 3405 Imperator,
1063 3355 1116 3392 eurr
1133 3341 1248 3402 inferiore

142 3419 315 3485 nequeenim,
325 3427 354 3471 ut
366 3420 672 3484 notetAoidelius‚snte·
706 3417 827 3478 sonoro?
849 3422 899 3467 toto
915 3416 1001 3480 quippe
1022 3417 1110 3479 impetu
1125 3416 1248 3482 serriure,

142 3499 191 3548 hec
202 3501 307 3560 questus
318 3495 414 3553 fueret,
427 3497 472 3547 sed
486 3498 634 3561 qrraesierat,
644 3504 673 3547 ut
713 3493 814 3544 torrenti
825 3493 921 3550 sistitis,
930 3495 971 3555 tre.
1200 3504 1208 3525 0

143 3573 212 3623 ratio
224 3573 338 3636 suseepti
351 3573 411 3623 belli
420 3573 468 3623 sibi
480 3573 641 3622 redderetur.
745 3577 759 3612 1³
777 3571 817 3619 Es
827 3569 891 3619 edito
900 3567 990 3630 moute]
1015 3567 1055 3616 Ex
1069 3572 1156 3618 monte
1172 3568 1249 3637 AEgr·

176 3655 189 3683 ¹
207 3649 266 3700 Toto
282 3650 367 3713 quippe
384 3649 485 3714 impetu]
503 3649 590 3699 Simile
610 3648 674 3699 iliud
714 3647 766 3709 leo,
785 3647 831 3711 qui
854 3660 869 3695 e
893 3645 1000 3708 regione
1021 3643 1161 3694 Salaminis
1183 3653 1251 3710 eret,

144 3725 676 3792 Paropinos.‘Totoquippeproelio
716 3724 820 3773 Xerxes
848 3721 986 3786 spectabat
1007 3720 1125 3781 classem,
1146 3736 1205 3785 qum
1235 3732 1251 3771 e

145 3802 275 3864 ierebrre,
296 3818 346 3853 noo
369 3803 545 3864 stiter,qrrsm
568 3814 675 3865 magnus
716 3799 817 3850 Grecis
837 3796 1017 3863 plsuedelets
1034 3804 1085 3846 est.
1120 3797 1252 3849 Herodot.

145 3881 227 3928 smmis
240 3881 307 3930 solet
319 3879 440 3945 hybernis
450 3878 574 3929 imbribus
585 3884 675 3926 ructus
716 3874 762 3925 lib.
775 3887 828 3923 vu.
849 3873 946 3925 lustin.
965 3871 1010 3921 lib.
1028 3884 1071 3921 ιιι.
1096 3873 1176 3922 Diod.
1198 3874 1251 3924 sie.

148 3963 175 4005 et
187 3956 316 4005 ouilibus!
596 3978 600 3990 ·
719 3953 762 4001 De
774 3951 863 4001 Xerxe
871 3951 926 4013 jam
938 3948 1137 4012 supradictum,
1149 3951 1251 4016 Proeg.

179 4040 193 4066 ⁰
209 4033 275 4089 Quid
287 4032 332 4083 tili
342 4033 390 4096 ert]
406 4032 477 4082 Loco
488 4029 615 4081 movenda
628 4027 678 4079 fuit
719 4042 770 4078 vrr.
782 4041 840 4091 esp.
852 4031 893 4077 ts.
905 4024 985 4077 noui.
1245 4048 1248 4053 ·

147 4107 251 4170 integre
271 4109 327 4157 lisso
349 4107 449 4171 phrasis
464 4107 543 4170 juxte
564 4105 677 4156 scidam
743 4103 929 4166 rsttouagem]
942 4100 1190 4157 Belluontiecum
1199 4104 1253 4157 lor·

149 4191 277 4233 neotemr
296 4171 364 4248 quod
386 4182 482 4233 nemini
501 4195 552 4232 oon
567 4181 677 4246 probeo·
718 4186 787 4232 tesre
807 4181 885 4231 sumit
904 4179 1254 4247 praeterieramus.
