2730 4726
412 337 682 387 cousrnurruo
708 336 797 387 rue.
836 337 877 387 x.
900 320 954 387 10.
1147 324 1233 389 1451

126 493 164 550 et
190 482 379 550 concordiae
402 484 632 548 voluntatem:
657 482 688 546 si
708 480 937 558 concordiam,
961 500 1062 564 quam
1085 483 1237 547 veniamt'

128 586 295 671 appellari
306 585 358 650 fas
380 593 459 663 est,'
475 604 564 662 cum,
580 586 639 669 qui
655 589 769 668 potest
784 585 931 661 vincere,
945 588 1042 666 optat
1054 585 1237 666 ignoscere.

128 689 176 761 Et
189 710 257 755 non
273 688 404 766 dubito,
419 688 500 772 quin
520 688 608 752 hanc
633 687 793 751 rationem
814 686 963 751 coelestis
988 686 1163 769 prudentia
1179 694 1239 750 tua

125 793 278 869 duxerit,
294 790 386 876 quod
404 789 645 872 conjunctione
660 808 723 853 sua
737 787 1013 872 flagrantissimas
1023 788 1165 852 hominis
1181 808 1237 853 cu-

130 893 296 978 piditates
323 892 376 958 vel
402 893 614 974 extingueret
637 893 783 975 penitus,
797 892 851 958 vel
876 891 1007 956 modice
1028 898 1236 975 temperaret.

129 998 164 1062 4.
188 995 294 1060 Nulla
310 995 440 1078 quippo
462 1001 514 1059 est
538 995 645 1059 libido
669 1003 738 1059 tam
754 1015 883 1074 vecors,
897 1014 999 1078 quam
1013 1013 1082 1058 non
1099 994 1240 1076 cupiat,c

106 1161 107 1164 ,
131 1120 209 1164 cum
226 1100 259 1162 in
272 1098 477 1163 consortium
494 1099 715 1180 temperantia
726 1098 864 1163 venerit.
909 1097 1039 1181 Dejioit
1051 1097 1167 1161 oculos
1179 1096 1239 1160 de-

131 1200 250 1266 formia
280 1199 426 1281 ignavia,
458 1200 516 1263 ubi
546 1200 577 1264 ei
608 1200 822 1283 pulchritudo
854 1199 986 1264 virtutis
1012 1198 1148 1282 objecta
1177 1204 1239 1262 est.

131 1303 164 1367 5.
184 1300 418 1384 Tergiversari
435 1305 535 1384 atque
556 1302 682 1365 haerere
697 1301 914 1385 petulantiam
929 1302 1049 1367 videas
1065 1302 1240 1384 gravitate,

131 1403 312 1480 modestia,
328 1407 361 1466 et
375 1402 496 1467 decore
520 1391 715 1468 confusam:
740 1411 777 1467 ut
800 1417 965 1488 appareat
987 1412 1031 1484 te,
1047 1404 1241 1487 Imperator

132 1506 276 1589 optime,
286 1503 469 1570 concordia
480 1504 673 1589 imperanda
684 1525 752 1569 non
765 1506 814 1569 illi
827 1507 1059 1589 impunitatem
1072 1506 1240 1570 vexandae

132 1611 227 1685 urbis
243 1609 420 1687 daturum,‘
437 1609 498 1673 sed
521 1609 680 1674 leniorem
697 1611 838 1693 petiisse
853 1610 1048 1674 victoriam:
1066 1629 1141 1674 cum
1157 1608 1240 1673 mal·

132 1715 186 1779 ies
202 1712 287 1776 vitia
300 1710 387 1795 ejus,
404 1730 505 1793 quam
519 1731 620 1787 arma,
636 1730 808 1794 superare.

178 1815 271 1880 Gne.
288 1829 328 1877 x.
373 1812 405 1876 1.
429 1812 497 1876 Sed
520 1812 676 1895 profecto
702 1813 797 1876 nulla
821 1814 857 1877 vi
882 1817 1026 1895 possunt
1040 1813 1145 1889 coire,
1162 1833 1239 1896 quae

119 1916 282 1982 naturali
297 1915 443 1980 divortio
459 1914 646 1982 dissident:
669 1935 734 1980 neo
751 1916 821 1980 ulla
836 1923 904 1980 tam
917 1915 1025 1983 tidelis
1040 1923 1094 1979 est
1106 1915 1242 1998 copula,

135 2038 213 2102 quae
229 2018 263 2083 in
278 2016 447 2081 diversum
463 2016 628 2081 tendentia
643 2021 733 2081 nexu
746 2037 809 2082 suo
820 2024 960 2083 teneat-'¹
1002 2018 1036 2082 2.
1058 2011 1243 2100 Perpendit

133 2121 395 2187 sciliceteocum
411 2119 585 2184 exceliens
600 2119 776 2203 prudentia
791 2129 863 2201 tua,
875 2121 976 2204 eique
987 2140 1118 2204 semper
1130 2119 1241 2202 pietas

134 2223 319 2307 applicata,
337 2241 451 2285 omnes
467 2223 658 2288 concordiae
673 2222 944 2304 commoditates;
967 2223 1058 2286 illam
1071 2243 1150 2287 esse
1165 2223 1240 2286 sun-

135 2324 332 2389 damentum
348 2344 388 2388 ac
404 2324 553 2390 radicem
568 2327 643 2403 otii,
659 2327 821 2390 bonorum
848 2326 999 2392 civilium
1017 2325 1242 2400 seminarium,

135 2428 263 2512 quictis
279 2427 427 2511 publicae
444 2435 603 2510 segetem,
619 2435 653 2493 et
667 2430 789 2508 almam
802 2429 1072 2511 pacisaltrioem.
1118 2428 1150 2492 3.
1174 2427 1242 2491 Sed

136 2550 157 2594 o
173 2549 276 2615 qnam
294 2549 381 2613 aeger
396 2531 506 2594 estad
530 2529 739 2623 honestatem
759 2549 914 2595 recursus
928 2529 992 2607 his,
1008 2529 1065 2612 qui
1082 2529 1159 2620 jam
1171 2548 1244 2610 gra-

167 2723 179 2748 ⁷
197 2713 272 2763 Immo
283 2713 328 2762 titi
342 2714 453 2775 imperor,
469 2718 497 2762 ut
510 2714 542 2762 ud
558 2727 708 2774 congressum
718 2718 742 2763 ct
756 2714 905 2764 concordium
921 2729 973 2764 cum
984 2729 1010 2763 ec
1026 2713 1116 2776 neniae,
1132 2711 1155 2762 ri
1166 2718 1244 2763 tumen

136 2780 261 2830 concordio
270 2779 358 2842 potine,
368 2793 438 2840 quum
449 2780 518 2828 venio
527 2778 625 2827 dicendo
637 2784 682 2828 eat.

166 2850 178 2877 e
196 2843 276 2898 Quum
285 2857 331 2892 non
343 2843 390 2892 riti
403 2842 524 2902 audimini.

147 2979 151 2983 Ι
168 2909 177 2941 ⁸
196 2909 230 2956 Te
239 2910 271 2957 ud
280 2908 420 2972 cotiopuirrm
431 2907 513 2958 uenire
527 2906 638 2964 uolutare,
652 2921 699 2956 aon
709 2913 736 2957 ut
755 2908 824 2957 dureo
836 2905 1024 2965 detruncarem
1038 2906 1132 2970 impune
1141 2905 1245 2956 vexandi

136 2972 253 3085 ἤπια
263 3034 381 3085 uinculum
392 3036 465 3084 ultum
486 3040 522 3086 ert
535 3040 585 3084 tum
601 3041 702 3094 arctum,
713 3037 775 3100 quod
793 3037 904 3086 nectendo
914 3035 1017 3085 retinent
1029 3049 1081 3098 quoe
1096 3035 1123 3084 in
1135 3035 1244 3086 dicemus

135 3106 218 3166 parter
228 3102 339 3150 tendunt.

610 3195 790 3219 eeeeeuooru
806 3215 810 3226 N

136 3316 178 3360 tuo
199 3310 270 3375 conj.
290 3308 392 3360 Acidai.
413 3309 578 3372 improbante
594 3312 710 3372 Joegero.
728 3312 769 3360 red
787 3311 946 3372 corcordiam,
964 3325 1043 3374 quum,
1065 3313 1107 3374 tro.
1131 3311 1245 3373 Guelpir.

136 3375 212 3433 Mor,
224 3376 389 3438 produxerit,
402 3375 471 3426 Gud.
489 3376 610 3427 dilexerit.
642 3376 832 3438 Zinzerlingiur
850 3376 916 3425 Crit.
929 3375 1025 3426 Juven.
1040 3376 1170 3425 Prcmuir.
1186 3391 1245 3438 cap.

136 3443 179 3489 21.
197 3440 271 3503 tegit,
290 3455 334 3502 quo
351 3438 522 3500 conjunctione.
539 3441 619 3490 ‘Mihi
639 3455 689 3489 uon
709 3441 813 3491 videtur
831 3439 957 3490 necesse!
974 3442 1114 3489 Arata-6
1136 3441 1246 3501 ‘Furta

134 3505 258 3566 mandute
268 3502 406 3553 modoetia!
422 3504 504 3555 Lirin.
523 3506 602 3554 ‘Sine
613 3504 789 3556 necessitate)
804 3507 897 3568 Joeger.
921 3505 1007 3568 optime
1020 3506 1092 3554 ebert
1105 3521 1119 3555 a
1131 3505 1246 3569 Guerpa.

136 3568 262 3618 concordia
273 3569 422 3632 impetranda
432 3600 441 3617 .
451 3603 457 3619 .
468 3603 475 3617 .
486 3603 493 3618 .
504 3569 654 3630 urtirfuime
665 3574 777 3621 daturum
790 3571 874 3622 Lirin.
902 3571 976 3634 Mox,
986 3571 1074 3634 petiere
1085 3570 1148 3620 Vet.
1159 3571 1245 3620 Ltvrn.

140 3642 170 3685 et
181 3633 294 3696 Gueipir.
306 3633 357 3695 ciue
369 3634 482 3684 abert'in
495 3635 608 3698 Guelph.

170 3696 240 3747 Cn'r.
257 3711 285 3747 x.
312 3700 326 3746 l
344 3697 458 3759 Gueiph.
477 3701 569 3763 copule,
586 3699 678 3761 quiin,
696 3703 787 3761 ipa-2
804 3700 869 3748 Voc.
883 3699 975 3749 scilicet
994 3698 1069 3748 deest
1087 3697 1112 3747 in
1130 3697 1245 3757 Gueipir.

136 3778 216 3813 aecum
227 3763 302 3812 decet
314 3762 339 3810 iu
351 3764 438 3812 Moeri.
455 3764 565 3813 bonorum
576 3764 665 3814 ciuium
682 3765 799 3815 Rireuau.
810 3766 901 3826 Steph.
915 3765 999 3812 Lirin.
1011 3763 1097 3812 Ririn.
1114 3762 1180 3826 quod
1194 3777 1245 3811 non

138 3828 244 3878 ridetur
255 3827 428 3892 spernendum
440 3829 564 3890 Jaeger03
579 3829 718 3878 nutritium
729 3829 845 3894 Gueiph.
855 3832 918 3878 Vet.
929 3829 1011 3878 Lirin.
1023 3827 1125 3876 Bertin.
1138 3828 1245 3888 cuspin.

137 3892 216 3947 Grati
238 3900 267 3946 ct
288 3899 400 3945 recenti.
432 3894 507 3958 Mox,
527 3900 552 3944 et
574 3895 699 3945 omittunt
716 3895 802 3945 Banu.
820 3900 848 3946 et
866 3894 964 3957 Jaeger.
985 3893 1078 3957 reliqui
1098 3900 1246 3948 uerrunt·-

641 4035 750 4087 NOTAE

171 4131 669 4198 'Concordiamquumceuiumffrorna·
712 4148 745 4184 ex
774 4132 906 4192 Rudente,
931 4136 1052 4187 (certum
1081 4138 1121 4180 ert
1149 4131 1246 4189 moriri,

134 4215 178 4278 gie
199 4228 270 4276 quum
287 4213 388 4264 cerium.
422 4211 499 4261 Utin
518 4211 563 4261 illo
581 4211 670 4262 Plauti
713 4225 788 4276 qnam
802 4209 872 4275 poti:
885 4212 937 4259 διο.
