2730 4726
127 291 215 358 1576
446 331 450 335 -
531 277 664 353 narrar
687 303 826 354 rsonrr

127 448 333 537 equestrium
356 448 462 532 pretia
487 441 656 515 traxisset
699 451 733 516 d
753 448 853 527 Tum,
876 439 1076 534 Imperator,
1102 441 1225 534 epulor,

126 553 249 629 mensis
263 552 492 618 communibus
506 552 688 636 parciores,
707 553 858 618 locorum
874 571 916 617 ac
931 559 1125 637 temporum
1140 544 1227 619 fruoss

127 656 218 722 tibus
232 656 444 720 instruuntur.
488 653 582 719 Hinc
602 655 751 720 certatim
765 655 799 720 iu
816 673 931 719 omues
944 655 1092 721 luxurias
1106 656 1226 740 pudor,

125 757 339 844 parsimoniae
354 758 465 823 cultus
479 752 639 837 inolevit:
666 764 702 824 ct
725 757 973 842 quiescentibus
987 750 1098 840 legum
1114 758 1226 837 minis,

127 861 235 926 subiit
248 880 411 944 quemque
425 860 581 944 privatim
597 861 650 926 sui
665 861 881 945 poenitentia:
905 861 955 925 sio
977 867 1030 925 est
1051 861 1157 938 enim,
1178 861 1227 925 sie

127 971 195 1042 est,
220 967 405 1047 exasperat
426 963 577 1029 homiues
602 962 767 1047 imperata
789 961 982 1040 correctio!
1005 962 1226 1028 blandissime

123 1065 262 1150 jubetur
279 1065 449 1150 exemplo.

173 1167 263 1233 Gne.
279 1184 346 1234 xv.
364 1231 366 1234 ,
391 1170 423 1232 l.
444 1166 512 1232 Sed
528 1184 605 1233 cum
625 1167 710 1243 baec,
730 1174 766 1232 et
787 1167 831 1233 ad
849 1166 935 1232 hunc
949 1166 1089 1233 modum
1104 1168 1227 1244 cetera,

126 1272 235 1338 mores
249 1271 418 1336 bominum
432 1276 467 1336 et
479 1271 631 1344 instituta
644 1271 826 1350 formarint,
846 1277 917 1336 tum
930 1270 1012 1336 nihil
1027 1270 1228 1336 abdicandis

128 1375 236 1453 vitiis,
251 1373 519 1458 adoptandisque
534 1375 712 1440 virtutibus
726 1374 912 1458 impensius
927 1372 1035 1438 sentio
1050 1374 1228 1457 profuisse,

128 1497 228 1561 quarn
244 1477 336 1561 quod
350 1477 403 1541 bis
418 1481 450 1541 te
470 1476 550 1543 viris
574 1497 704 1561 semper
718 1477 851 1556 dedisti,
869 1496 956 1562 quos
970 1475 1131 1542 affectare
1146 1477 1227 1560 pub

128 1579 196 1645 lica
211 1579 348 1644 deberet
360 1578 530 1658 imitatio,⁸
541 1580 614 1665 qui,
629 1600 730 1664 quam
744 1580 862 1646 faciles
875 1580 938 1645 tibi
951 1578 1091 1644 fuissent
1105 1575 1229 1663 sequa-

129 1681 276 1766 cesque*
299 1681 469 1765 discipuli,
493 1687 562 1748 tarn
588 1684 705 1749 ceteris
731 1683 910 1767 expetendi
932 1686 1047 1747 essent
1067 1679 1227 1764 magistri.

128 1785 162 1852 2.
184 1784 234 1850 Ut
247 1784 290 1851 dc
302 1785 355 1849 bis
370 1784 500 1861 sileam,
522 1803 608 1867 quos
622 1786 682 1851 tibi
697 1785 823 1871 primus
838 1784 895 1849 ille
910 1783 1081 1848 nascentis
1095 1782 1229 1866 imperii

130 1888 202 1954 dies
217 1882 361 1966 obtulit:¹
382 1888 486 1953 tantis
508 1887 688 1952 virtutibus
709 1886 878 1971 praeditos,
900 1892 937 1950 ut
958 1903 1026 1950 non
1048 1903 1109 1968 pro
1130 1884 1228 1968 copia

131 1992 246 2068 sumti,
262 1991 320 2055 sed
334 2010 378 2056 ex
393 1991 495 2073 copia
510 1990 701 2056 riderentur
716 1991 836 2072 optati,
856 2007 944 2074 quos
959 1994 995 2054 tu
1009 1995 1134 2072 postea
1147 2005 1228 2073 qua·

32 2103 38 2121 ‘
130 2093 247 2178 lesque
260 2092 383 2176 legisti,
406 2093 531 2177 quibus
546 2092 792 2176 provinciarum
807 2091 1007 2168 custodiam,
1030 2090 1155 2173 quibus
1170 2089 1228 2157 mi-

129 2195 237 2264 litaris
265 2196 317 2261 rai
342 2214 518 2274 summam,
548 2195 672 2279 quibus
701 2194 914 2259 consiliorum
947 2197 1078 2258 tuorum
1109 2209 1230 2258 arcana

163 2389 173 2415 ⁶
188 2377 260 2442 Apud
270 2393 347 2428 omues
357 2379 460 2428 laxarioe
471 2379 549 2431 odiam
556 2382 580 2426 et
589 2377 741 2441 parsimonie
755 2394 822 2429 umor
832 2377 943 2430 inuoluit.
1049 2407 1052 2414 -

161 2443 179 2488 s
192 2445 315 2495 correctio
325 2458 378 2493 eum
390 2445 489 2507 imperio
503 2442 635 2503 conjunctu.

168 2519 183 2555 r
200 2509 263 2564 Quor
273 2511 353 2573 prpuli
362 2509 471 2560 deberent
482 2509 609 2560 tabem·
619 2507 666 2558 ribi
673 2522 811 2574 proponere.

168 2573 183 2609 l
202 2575 367 2638 Obsequentem
495 2607 498 2615 -
821 2621 824 2627 ,

164 2640 173 2672 ¹
190 2642 239 2698 Qui
249 2641 406 2704 magistratus
414 2638 538 2702 gerebant,
550 2653 602 2688 eum
612 2638 735 2703 imperiur
745 2641 844 2701 adeptus
853 2653 886 2689 er.

591 2767 650 2787 eno
653 2766 773 2787 eunuc

130 2852 221 2905 Lirin.
237 2850 333 2911 serenta
344 2850 513 2915 quadringenis
522 2851 656 2900 sertertium
667 2852 841 2900 ‹estimatae-f
858 2848 926 2900 Edd.
938 2855 1001 2898 retr.
1016 2849 1169 2912 parsimoniae
1178 2866 1231 2900 ear·

133 2933 191 2975 Μ
208 2919 272 2967 Erre.
285 2917 429 2967 Sebunbov.
452 2917 602 2978 parcimonie
616 2920 709 2973 cadus:
726 2918 789 2966 Vet.
806 2916 920 2965 Putean.
940 2915 1091 2977 parsimonia
1107 2919 1194 2980 cubus,
1205 2924 1233 2966 ut

134 2983 203 3046 conj.
215 2981 318 3032 Acidal.
341 2982 414 3031 ‘Pro
425 2983 503 3039 minis,
516 2982 630 3045 Guelplr.
641 2984 708 3032 male
723 2981 809 3042 minua,
819 2990 849 3030 nt
860 2989 887 3030 et
902 2980 1026 3044 privatam
1037 2993 1084 3043 pre
1099 2982 1233 3044 priuatim?

133 3049 235 3098 Arum.-
245 3050 381 3111 quaudoque
390 3047 503 3110 priuatim
514 3048 574 3097 edd.
586 3056 650 3099 vett.
670 3060 786 3112 quemque
794 3046 906 3108 punctim
916 3045 976 3112 Vet.
989 3045 1104 3095 Putean.

135 3148 137 3152 ,
167 3114 234 3163 Can.
246 3126 293 3162 xv.
328 3117 341 3162 1
358 3113 442 3173 ‘Lep
455 3113 494 3160 rel
506 3117 533 3161 at
544 3113 694 3176 qacmsueile
706 3114 760 3174 tibi,
777 3113 820 3164 vel
835 3111 876 3175 qni
885 3125 954 3172 quum
962 3110 1040 3169 focile
1050 3110 1114 3159 tibi!
1130 3109 1234 3160 Aridal.

132 3176 258 3227 Barthius
269 3177 374 3228 delebat
384 3193 544 3241 sequere-mue,
557 3188 678 3240 tauquam
688 3179 807 3240 glossam.
830 3176 902 3224 ·Vid.
913 3177 1037 3225 Burman.
1048 3176 1081 3224 ad
1095 3176 1151 3226 Val.
1164 3177 1234 3225 Flac.

134 3255 155 3293 1.
166 3246 223 3293 stt.
233 3244 337 3293 imitatio
349 3243 390 3306 qai
400 3258 469 3306 quom
474 3243 561 3300 foribs
573 3243 729 3304 tibisuirserrt
739 3259 847 3308 aequarer
854 3241 920 3289 -Vet
931 3242 1044 3290 Puteau.
1055 3242 1118 3291 Vnt.
1127 3249 1155 3291 et
1167 3243 1232 3290 Ere.

134 3307 328 3358 §chnubam-2
345 3307 389 3358 Al.
400 3314 454 3372 qnot
464 3314 491 3357 ta
500 3314 587 3371 posteo.
603 3310 610 3337 ‘
625 3309 777 3359 ltarestitni
786 3324 819 3358 ex
827 3305 927 3358 dnobus
939 3307 1105 3365 membranis,
1117 3306 1232 3371 quamvis

133 3372 161 3424 ld
172 3373 720 3440 improbetLirin.adbaereatqneilll,qnor.’
737 3375 815 3425 Grut.
848 3375 902 3424 Pro
910 3371 999 3434 legisti,
1008 3372 1233 3437 Gnelpb.etegisti.

627 3506 735 3558 NorAE

131 3593 223 3659 risque
234 3597 338 3643 constet
352 3607 456 3642 censum
468 3603 614 3660 equestrem
625 3594 666 3645 fn·
702 3612 730 3646 ro
749 3609 846 3645 stimma
864 3593 908 3642 illa
919 3590 1167 3658 quadringentorum
1183 3605 1235 3640 ses·

132 3672 185 3722 isse
198 3679 298 3722 tautum
309 3671 555 3736 quadringentorum
573 3680 667 3722 sester-
701 3673 810 3723 tertium
832 3669 864 3720 ad
887 3670 965 3719 libras
983 3673 1113 3719 nostrates
1135 3671 1234 3722 theob.

136 3749 210 3800 tium.
245 3749 333 3799 Quare
342 3748 529 3812 legendnmhic
540 3751 667 3801 sestertiis
703 3749 846 3803 reducitur,
858 3760 915 3795 eum
927 3741 1077 3807 sestertium
1096 3742 1190 3791 millies
1201 3744 1234 3792 ad

135 3825 507 3892 quadringentis,eolibentius
518 3829 665 3894 puto,quod
700 3828 842 3885 talabot.
860 3824 939 3872 libras
956 3818 1074 3872 Gatttc'as
1091 3828 1236 3868 excrescat.

137 3917 195 3957 cnm
213 3904 239 3951 in
258 3903 370 3968 antiquis
386 3904 577 3967 exemplaribus
588 3904 667 3954 habe·
702 3904 774 3955 Nota
787 3911 873 3952 autern
882 3899 981 3949 fercula
991 3900 1040 3949 etri
1052 3904 1083 3949 ut
1095 3895 1234 3958 plurimum

137 3986 211 4030 retur
227 3978 337 4030 fortusse
353 3992 397 4031 cu.
415 3993 455 4030 ur„
473 3979 668 4045 quadringentis
702 3993 750 4044 pro
764 3979 829 4028 cibis
848 3973 1136 4038 connumeratorum
1153 3973 1234 4023 etiam

138 4055 273 4120 sestertiis,
288 4053 539 4107 facillimnmrfuerit
557 4056 668 4107 librariis
703 4070 751 4123 pre
772 4054 895 4104 machinis
916 4051 1068 4118 quibusdam
1094 4048 1189 4112 accipi,
1209 4050 1235 4103 iu

137 4140 245 4197 propter
263 4140 382 4184 notarum
400 4131 551 4184 affinitatem
568 4132 666 4183 exseri·
702 4132 793 4199 quibus
804 4130 1053 4194 pluresciblmensoe
1066 4127 1237 4192 imponeban-

73 4206 75 4213 ’
137 4209 201 4262 bere
213 4221 313 4262 omma.
323 4210 416 4263 millias
427 4210 584 4264 sertertium.
601 4210 666 4262 Per·
701 4215 754 4276 tur,
763 4215 794 4261 ut
805 4205 947 4260 ridereest
956 4205 1025 4273 rpud
1036 4190 1204 4266 Petronium.
