2730 4726
479 326 646 377 vunrnvu
671 325 759 397 aue.
793 324 851 374 xr.
866 309 921 374 bi.
1144 308 1242 375 1531
1321 395 1325 407 x

189 475 281 542 Cur.
306 490 422 539 xxiv.
443 473 476 537 1.
498 472 594 537 Nihil
618 472 718 554 igitur
732 470 851 562 rubum
873 473 937 549 est,
960 467 1166 552 Imperator,
1183 469 1246 554 qui

143 583 259 643 tantus
274 598 376 655 amor,
391 585 426 643 et
440 583 509 642 tam
524 594 624 640 verus
639 576 675 638 in
689 581 721 638 te
737 573 861 639 civium
871 571 989 638 fervet
1022 570 1144 655 Neque
1157 573 1251 636 enim

143 683 254 747 ullum
276 688 358 766 puto
381 680 632 765 posthuminus
655 687 754 743 natos
773 684 865 742 tanto
886 678 1012 760 generis
1037 677 1172 740 humani
1194 696 1245 741 ar·

145 784 229 849 dora
250 784 416 851 dilectum.
470 786 504 850 2.
527 783 721 848 Ceterorum
749 802 861 866 regum
886 788 987 865 atque
1008 782 1246 864 imperatorum

146 889 304 953 earitates
325 887 503 953 admodum
528 905 624 964 rarae,
652 905 717 951 nec
743 904 887 970 unquam
911 885 1076 950 diuturnae
1099 884 1246 950 fuerunt.

146 989 189 1054 Iu
205 991 345 1055 summis
359 991 447 1055 enim
460 992 629 1055 bominum
643 989 837 1054 habitavere
851 985 1066 1072 pectoribus,J
1088 987 1201 1051 subita
1214 992 1248 1050 et

145 1093 316 1158 fortunata
341 1094 573 1159 benevolentia
598 1102 807 1176 provocata,
833 1110 901 1154 non
922 1092 1078 1156 virtutum
1101 1089 1247 1153 admira-

146 1196 238 1259 tione
253 1195 428 1262 devinctae.
472 1196 506 1260 3.
527 1196 577 1262 At
601 1215 682 1260 vero
707 1203 820 1260 noster
840 1193 983 1259 affectus
1005 1195 1076 1257 veri
1094 1193 1247 1274 certique

140 1296 265 1381 judieii
288 1306 341 1363 est
361 1300 437 1363 imis
459 1301 578 1363 mentis
602 1299 741 1364 sedibus
763 1297 929 1384 illigatus3
953 1296 1084 1361 animus
1109 1301 1144 1359 et
1164 1296 1245 1359 vitea

144 1399 320 1464 immixtus
342 1407 378 1465 et
397 1402 522 1479 unitus,
543 1402 701 1467 resolutis
720 1401 821 1465 etiam
836 1407 944 1464 morte
958 1399 1154 1482 corporibus
1169 1415 1245 1460 curn

144 1503 329 1568 immortali
345 1513 457 1568 mente
472 1504 632 1570 victurus.
668 1506 702 1568 4.
725 1504 829 1568 Arma
845 1505 953 1585 igitur,
968 1509 1003 1566 et
1012 1501 1153 1584 juvenes
1168 1518 1247 1563 cunr

143 1605 271 1690 gladiis
286 1611 386 1690 atque
401 1607 481 1690 pilis
494 1625 561 1672 non
576 1606 739 1672 custodiae
755 1607 906 1689 corporis
920 1612 1009 1683 sunt,
1032 1603 1092 1668 sed
1112 1601 1247 1686 qnidam

143 1708 373 1792 imperatoriae
390 1709 580 1792 majestatis
599 1709 744 1773 solennis
759 1716 905 1773 ornatus.
951 1707 1043 1787 Quid
1065 1706 1154 1770 enim
1171 1704 1248 1768 istis
1279 1786 1283 1797 ¹

143 1830 235 1894 opus
248 1817 313 1884 est,
335 1831 412 1876 cum
427 1811 617 1876 firmissimo
631 1813 679 1875 sis
694 1832 789 1877 muro
805 1812 903 1877 civici
918 1812 1043 1877 amoris
1057 1809 1249 1891 obseptust

143 1913 177 1976 5.
191 1911 248 1976 An
259 1913 442 1978 metuenda
451 1916 512 1978 tibi
523 1911 635 1979 curia'K
648 1923 713 1992 est,
729 1933 806 1979 cum
818 1913 951 1978 senatui
962 1932 1027 1977 non
1040 1911 1148 1975 solum
1158 1915 1247 1973 vete·

142 2032 217 2078 rem
227 2016 410 2082 reddideris
422 2018 631 2100 dignitatem,
644 2017 704 2082 sed
715 2005 894 2101 plurimum
906 2018 1010 2080 etiam
1020 2014 1099 2078 novi
1110 2011 1247 2077 honoris

143 2116 339 2202 adjecerint
382 2122 414 2185 6.
436 2117 491 2184 An
516 2120 664 2205 pupulus
688 2128 741 2185 est
762 2120 927 2185 timendus
951 2115 1159 2203 procuratori
1183 2114 1247 2178 ali-

142 2217 348 2286 mentorum¹
362 2242 509 2304 suorum,
524 2224 604 2287 vitae
621 2221 758 2301 vindici,
772 2222 937 2286 libertatis
953 2219 1109 2285 auctorit
1154 2216 1246 2283 Nam

143 2321 229 2406 quid
244 2322 285 2387 de
299 2314 460 2389 militibus
472 2325 616 2408 loquarl
665 2325 745 2389 Duo
760 2329 819 2388 aut
834 2325 896 2390 tria
907 2331 928 2360 ¹³¹
943 2323 1057 2399 ferme,
1073 2340 1118 2384 ex
1130 2325 1246 2384 vetere

143 2424 317 2505 memoria,
343 2427 525 2492 amicornm
551 2427 650 2512 paria
674 2428 894 2511 proferuntur.
939 2427 971 2492 7.
995 2425 1105 2507 Nego,
1133 2442 1247 2508 quem-

177 2697 248 2748 Cae.
259 2711 340 2748 xxiv.
367 2702 381 2748 1
400 2699 505 2750 Puteal.
524 2701 640 2751 Rbenerr.
655 2701 745 2764 Steplr.
756 2707 784 2750 et
799 2698 886 2750 Rivirr.
896 2704 921 2750 et
933 2703 1014 2748 tenter
1023 2711 1106 2757 umen
1118 2697 1180 2746 Vet.
1192 2696 1247 2744 Pn-

143 2771 215 2813 teen.
225 2763 286 2812 Ver.
298 2764 381 2816 bivio.
391 2765 491 2815 Berlin.
503 2767 566 2816 Erre.
578 2767 661 2830 Lung.
674 2768 740 2816 Exc.
751 2767 893 2815 Scironbov.
907 2765 994 2813 Mmrl.
1004 2764 1112 2828 cerubin.
1121 2763 1183 2826 qood
1192 2766 1247 2809 tun·

142 2835 200 2885 tae:
217 2827 285 2877 nnde
297 2828 379 2878 Livio.
391 2831 460 2895 conj·
478 2833 539 2895 qaod
549 2837 574 2882 et
583 2838 683 2889 tantun
694 2833 777 2882 Lirin.
787 2832 865 2880 Grut.
878 2831 959 2879 Paris.
974 2829 1069 2878 Cellae.
1081 2827 1196 2877 Putarol.
1223 2827 1250 2874 et

142 2893 320 2944 tuatueLivin.
337 2897 369 2945 P.
387 2896 597 2960 stannaturae
611 2898 710 2960 nger.
735 2899 775 2961 qut
791 2901 872 2945 tantm
884 2894 997 2955 Grretptr.
1023 2896 1096 2943 otbrm
1105 2897 1156 2956 poet
1172 2890 1248 2939 lomb

141 2961 436 3022 mammpmosserrtn.
464 2962 752 3013 VideNott.Varr.-2
769 2961 1040 3022 Gnetpnaeunqeom.
1072 2957 1246 3010 Mombleur·

142 3025 199 3072 eiua
210 3023 280 3086 conj·
291 3025 368 3075 aetite
378 3033 403 3076 et
414 3027 483 3086 forte
497 3033 555 3077 nutu
567 3029 744 3085 beneuolentiu,·
762 3026 864 3076 Acidul.
872 3026 979 3085 fortuito
995 3024 1160 3073 benevolentia.
1179 3021 1247 3070 Vide

142 3089 321 3138 Nun-'Vara
348 3092 505 3142 admiratione
524 3095 624 3142 deuicta
644 3093 805 3157 Ouelpa—3
822 3091 891 3140 Edd.
913 3099 979 3138 vett.
1000 3091 1113 3150 atttgntm
1132 3087 1246 3144 unimus,-

111 3200 117 3206 .
143 3152 497 3219 Bentnmoertettoeger.
523 3157 649 3219 illigatum
666 3159 774 3214 unimus:
793 3155 909 3206 Patarol.
927 3155 1014 3204 urimo.
1041 3153 1156 3216 Gaetula
1173 3151 1247 3200 etium

141 3217 262 3268 vitm-d
275 3219 333 3272 ,Duo
344 3237 375 3270 ua
383 3222 432 3272 trin
444 3223 505 3272 Vet.
516 3223 600 3274 Lirin.
612 3224 762 3274 Baetin-t
782 3224 861 3284 Nego,
870 3237 894 3286 q.
903 3220 988 3270 ubulb
996 3219 1072 3269 emico
1081 3219 1150 3282 conj·
1161 3218 1247 3267 bivio.

640 3367 751 3420 NOTAE

122 3460 197 3514 'lam
217 3463 325 3526 vocasti,
342 3463 389 3513 aed
411 3462 529 3515 indutum
548 3480 676 3530 purpure,
716 3465 772 3516 licie
787 3464 922 3528 agebatur.

142 3551 209 3587 noro
221 3539 379 3602 gemmisque
395 3539 543 3590 redimitam
559 3543 624 3592 solio
635 3557 676 3592 re·
749 3540 756 3575 ¹
773 3539 1112 3604 Procurator-tulmentum]
1128 3540 1248 3594 Julianus

143 3613 259 3677 cepisti!
716 3622 784 3670 enirn
797 3620 907 3668 Romam
923 3626 1032 3682 propter
1044 3618 1166 3666 diuturna
1177 3616 1246 3665 bella

176 3689 185 3735 l
202 3691 233 3740 la
251 3691 348 3741 summio
362 3691 507 3756 pectoribus]
530 3693 562 3742 ld
581 3700 631 3754 eet,
649 3694 675 3744 in
703 3694 785 3745 ¹lame
797 3695 919 3746 afflictam
929 3695 1102 3761 suppeditatis
1115 3695 1246 3743 alirrreutis

143 3769 245 3819 aalma
261 3776 336 3830 parte
350 3767 474 3830 pectoris,
486 3776 515 3817 nt
526 3771 561 3817 eit
572 3772 675 3832 enpust·
716 3781 885 3823 sustentaret.

144 3847 184 3895 tlu
196 3858 255 3893 erun
266 3844 297 3892 'nr
307 3856 365 3907 qum
376 3858 435 3892 mox
446 3852 608 3908 saanmturr·
621 3844 680 3895 ‘Ar
747 3857 766 3884 ¹¹¹
783 3851 839 3899 Duo
849 3857 891 3900 uat
899 3850 963 3913 triu]
982 3849 1051 3899 Non
1064 3855 1104 3897 eet
1114 3847 1205 3897 ’lbetel
1218 3853 1249 3899 et

142 3935 210 3970 vero
222 3919 678 3970 mermrurtmbmenttmdss
717 3927 845 3988 Pirittr'oi3
874 3927 999 3976 Damonis
1019 3931 1046 3973 et
1068 3923 1190 3986 Pyrum
1217 3923 1248 3971 C·

123 3997 196 4050 ‘bun
212 3995 350 4061 alligatus!
383 3997 562 4061 Evpungenda
572 3999 676 4048 videtur
717 4004 790 4052 Latii
808 4013 835 4052 et
848 4001 966 4052 Africani
978 4000 1106 4062 Scipionis
1124 3997 1245 4047 amicitie.

144 4075 268 4126 Acidalio
288 4089 338 4124 vox
360 4090 418 4140 qua
440 4076 566 4140 sequitur,
582 4090 679 4140 nempe
717 4080 799 4129 Plura
817 4081 873 4143 ejur'
893 4076 993 4141 generis
1013 4076 1131 4140 exempta
1149 4075 1246 4139 passim

144 4154 255 4203 nimm-
720 4155 858 4220 oidaepud
871 4163 997 4204 erectores.

166 4227 197 4265 J*
208 4228 296 4293 dede]
314 4228 399 4281 bueus
416 4228 461 4280 ubi
478 4227 511 4280 de
525 4228 602 4280 rebor
614 4229 680 4293 pub·
