2730 4726
490 313 728 365 rraxrursuo.
768 315 826 364 ιη.
861 298 894 364 6.
1055 310 1061 333 “
1153 301 1239 367 1207

82 462 84 471 '
151 466 251 532 robis.
295 461 328 528 3.
352 460 494 540 Deinde,
509 460 545 527 id
561 460 655 547 quod
669 460 816 526 maxime
834 460 984 527 Deorum
1002 460 1240 530 immortalium

146 590 217 635 cum
238 567 397 650 religione
415 565 629 651 conjunctum
649 570 711 642 est,
727 572 853 649 quanta
867 570 998 628 vosmet
1011 565 1153 631 invicem
1169 569 1240 652 pie·

142 679 207 738 tate
219 670 360 736 colitist
381 690 458 755 quae
471 670 541 734 ulla
556 689 703 753 unquam
715 669 827 733 ridere
843 667 971 732 saecula
986 669 1084 732 talem
1100 669 1135 733 in
1149 690 1237 735 sum·

140 796 195 840 ma
217 781 387 855 potestate
405 773 641 838 concordiamt
670 771 728 856 qui
748 773 893 853 germani
915 772 1078 853 geminine
1097 772 1239 838 fratres¹¹

133 878 285 944 'indiviso
309 878 532 962 patrimonio⁰
557 881 624 940 tam
651 874 858 959 aequabiliter
879 880 1027 952 utuntur,
1049 893 1149 957 quam
1175 896 1238 942 vos

137 983 222 1046 orbe
238 979 418 1046 Romanol
461 982 495 1044 4.
518 977 573 1042 Ex
589 997 657 1062 quo
673 977 824 1060 proiectu
841 977 1053 1042 manifestum
1070 983 1134 1054 est,
1150 984 1236 1043 cete·

136 1103 250 1149 rorum
272 1083 443 1148 hominum
465 1083 595 1146 animas
615 1099 692 1145 esse
713 1080 856 1143 humiles
878 1085 913 1143 et
930 1079 1089 1163 caducas,
1105 1086 1236 1146 vestras

136 1205 218 1252 vero
232 1186 391 1250 coelestes
407 1196 442 1250 et
456 1186 685 1268 sempiternas.
720 1184 753 1246 5.
778 1181 976 1248 Obtrectant
993 1184 1060 1248 sibi
1074 1184 1237 1248 invicemp

136 1289 285 1354 artifices
307 1308 445 1373 operum
469 1288 698 1367 sordidorum;
726 1294 780 1350 est
801 1287 884 1350 inter
905 1287 1037 1369 aliquos
1058 1287 1159 1350 etiam
1180 1307 1236 1350 ca·

135 1411 231 1456 norae
243 1391 335 1455 vocis
349 1389 493 1471 invidia3
514 1389 596 1453 nihil
611 1389 754 1472 denique
768 1395 836 1452 tom
853 1389 931 1465 vile,
946 1397 1083 1472 tamque
1100 1389 1236 1470 vulgare

133 1501 199 1572 est,
214 1493 310 1579 cujus
325 1493 509 1576 participes
521 1490 675 1573 malignis
687 1489 912 1556 aemulationis
925 1491 1070 1555 stimulis
1081 1492 1238 1558 vacentz‘l

133 1602 251 1662 vestet
273 1614 353 1677 vero
373 1594 573 1658 immortalis
594 1593 725 1658 animus
745 1594 901 1658 omnibus
924 1595 1058 1677 opibus,
1079 1593 1235 1678 omnique

132 1698 280 1778 fortuna,
296 1704 397 1782 atque
418 1700 496 1782 ipso
515 1704 567 1762 est
586 1697 693 1780 major
707 1696 857 1781 imperio.
899 1696 931 1759 6.
954 1695 1065 1762 Vobis
1082 1695 1232 1772 Rhenus,

166 1867 182 1901 ⁶
200 1870 257 1920 Nos
264 1868 368 1934 maligne
377 1869 423 1920 etti
432 1868 533 1919 ianuam
544 1869 674 1918 inrideant.

133 2095 202 2146 selis
212 2097 275 2147 Vet.
288 2097 351 2147 Put.
385 2099 416 2148 In
429 2098 494 2147 Erre.
503 2098 579 2147 Voss.
592 2098 747 2148 intermedia
758 2096 820 2147 inde
832 2111 846 2145 a
855 2100 961 2160 potestus
972 2096 1086 2150 narsen.
1102 2109 1182 2160 usque
1199 2095 1231 2146 ad

134 2167 234 2225 quantu,
245 2163 269 2210 in
282 2162 396 2225 Gnelph.
405 2178 484 2226 usque
495 2165 527 2211 a'd
537 2165 706 2214 inmortalium
717 2171 778 2213 snut
786 2162 938 2213 omissa-t
951 2162 1052 2225 Deirde,
1071 2161 1096 2209 td
1111 2163 1180 2224 quod,
1191 2165 1233 2226 bc.

133 2226 236 2275 Bertiu.
253 2227 317 2276 Vae.
328 2228 429 2278 inuicem
439 2229 513 2278 deest
524 2230 550 2278 io
562 2229 622 2278 edd.
633 2236 699 2279 vett.
710 2237 786 2279 extat
795 2243 857 2278 vero
869 2228 895 2276 io
908 2226 970 2276 Vet.
983 2226 1045 2276 Put.
1058 2227 1119 2275 Vet.
1131 2227 1232 2276 Bertin.

133 2292 245 2354 Cuspio.
256 2293 334 2342 Grnt.
349 2301 377 2342 et
395 2302 508 2343 receutt.
541 2295 607 2345 Qure
626 2304 683 2357 post
699 2301 788 2358 quantu
808 2307 888 2358 usqne
900 2292 931 2340 ad
943 2292 1092 2356 aequabiliter
1102 2292 1231 2355 leguntur,

129 2359 228 2406 derum
240 2359 265 2407 in
277 2358 390 2434 tinelph.
420 2359 497 2435 ¹ltlon,
508 2359 671 2435 Rerumque
685 2361 785 2408 nimiunn
802 2374 854 2423 quc
871 2357 1024 2414 diducente
1035 2358 1172 2434 esprrnctis
1183 2360 1233 2409 utta

131 2423 690 2559 tertul*“ttrbt'f‘ttttrttt
699 2421 1163 2553 'tollitoillliellblllf'ld'
1173 2440 1232 2549 ,tt

130 2552 198 2601 nutri
210 2552 356 2628 geminique.
373 2553 533 2630 Puteolanus
554 2558 626 2604 1⁴⁷6.
643 2554 793 2632 Rhenanus,
811 2553 917 2608 Navius,
933 2552 1088 2667 δόειέὴιιιω,
1100 2553 1231 2603 Livineius

130 2618 949 2748 nittt;,tt.'·0nttttnrtl⁶thltnntttt,
960 2619 1098 2732 tuln
1111 2619 1233 2745 bnt

130 2753 415 2808 momentanearum
431 2748 498 2797 nude
512 2749 602 2798 Arnta.
621 2749 690 2812 conj.
708 2754 777 2800 tanta
792 2748 955 2813 oethlitute
972 2752 1083 2803 utuntur,
1100 2754 1232 2812 quarta.—

130 2819 148 2865 5
160 2812 304 2862 Obtrectarrt
314 2813 416 2862 lachem
424 2814 471 2862 atti
483 2813 591 2863 Bertinae
615 2814 682 2864 Edd.
696 2822 761 2863 vett.
774 2823 834 2863 ante
845 2811 954 2875 Cuspio.
966 2818 1016 2861 tum
1026 2814 1124 2873 vulgare
1135 2818 1169 2862 ert
1176 2829 1186 2870 ,·
1203 2820 1232 2863 et

131 2879 171 2927 sic
182 2880 260 2928 etiarn
273 2879 356 2928 Bann.
366 2886 395 2926 et
408 2879 492 2927 Ririn.
511 2885 605 2943 tumque
615 2880 713 2942 uulgare
722 2887 758 2928 est
770 2878 884 2940 Guelph.
896 2886 923 2926 et
936 2876 996 2925 vet.
1007 2877 1091 2925 Lirin.
1103 2892 1159 2926 curn
1171 2877 1232 2929 edd.

130 2951 246 2993 receott.
256 2948 292 2992 est
303 2943 390 2993 omisit
399 2944 566 3000 schwartius,
577 2953 604 2992 et
615 2942 713 3007 Jaeger.
743 2943 791 2993 ‘Io
803 2941 952 3002 Puteolani,
963 2942 1089 3002 Rhenani,
1100 2942 1187 3001 Navii,
1202 2953 1231 2995 et

130 3009 169 3059 H·
185 3010 311 3073 Stephani
329 3008 412 3064 libris,
430 3022 476 3072 pro
494 3009 599 3058 stimulis
617 3022 752 3072 perperam
772 3021 923 3072 expressum
941 3014 981 3056 est
998 3008 1103 3071 stipulis.
1137 3008 1229 3059 Melius

130 3074 315 3138 Cuspinisnus,
326 3075 467 3131 Livineius,
480 3083 507 3123 et
519 3075 685 3131 recentiores,
697 3074 836 3138 prodidere
846 3073 951 3124 niualis
958 3087 969 3133 ,·
985 3088 1044 3144 pua
1060 3073 1139 3122 lectio
1151 3074 1229 3123 etiarn

129 3141 231 3189 codicis
248 3141 329 3190 nostri
349 3149 379 3189 et
389 3141 521 3203 utriusque
533 3139 589 3189 libri
601 3139 713 3190 Grrdiani
730 3141 887 3191 auctoritate
898 3138 1098 3202 comprobetur)
1109 3138 1230 3190 Schuetz.

129 3207 138 3232 ⁶
150 3205 264 3258 Quidam
274 3205 334 3254 libri
345 3204 442 3255 habeut
453 3205 558 3254 omnibu
568 3207 695 3268 operibus3
712 3220 762 3257 nen
774 3221 879 3270 prorsus
893 3206 1059 3266 inconcinne3
1075 3202 1228 3269 aedmelior,

130 3279 160 3319 et
170 3286 230 3321 curn
241 3270 409 3335 sequentibus
421 3269 631 3331 verbis,sortune‚
642 3271 752 3333 imperio,
763 3270 966 3327 convenientior,
978 3271 1038 3330 ista,
1047 3285 1123 3333 quarn
1135 3284 1229 3335 propo-

129 3335 238 3396 suimus,
249 3337 326 3387 lectio
337 3334 409 3386 nohis
422 3337 474 3384 risa
482 3345 538 3397 est;
556 3349 612 3384 cum
625 3338 690 3385 trane
699 3337 795 3388 dudum
807 3337 977 3391 Puteolanus,
985 3336 1167 3399 (impietatum,
1173 3337 1228 3389 Na·

128 3403 199 3463 rius,
212 3402 352 3462 Livineius,
370 3401 404 3449 Η.
415 3401 572 3463 Stephanus,
584 3410 611 3450 et
623 3401 751 3453 Gruterus
763 3404 929 3468 evulgarunt,
940 3408 968 3451 et
983 3409 1071 3450 noster
1088 3417 1155 3451 nnnc
1166 3417 1229 3466 qno·

129 3482 182 3531 qne
193 3466 328 3516 confirmet
339 3465 440 3517 codex!
454 3467 527 3515 idem.
543 3465 632 3530 opibus,
644 3460 822 3519 confirmatrim
841 3482 943 3535 quoque
954 3483 969 3516 a
981 3467 1067 3517 Vossii
1077 3467 1228 3531 Excerptis,

130 3541 288 3597 receperunt
299 3533 332 3583 Ρ.
351 3532 442 3598 steph.
454 3532 539 3582 Ririn.
555 3540 583 3583 et
597 3531 682 3582 Brun.
699 3533 744 3583 sed
763 3534 871 3600 operite
885 3541 1042 3585 revocarunt
1055 3532 1181 3584 cellarius
1199 3543 1227 3583 et
1301 3562 1303 3567 ·

625 3626 734 3681 NOTAE
794 3637 796 3648 '

128 3745 188 3797 qne
200 3731 321 3781 lacunam
331 3727 394 3779 satis
410 3726 544 3778 indicant:
557 3741 606 3792 ego
621 3726 659 3777 sie
690 3728 763 3785 ,ittud
779 3729 876 3782 ,tustini
893 3743 924 3781 rt.
939 3733 979 3778 to.
994 3728 1027 3780 de
1043 3729 1184 3779 Artemone
1199 3735 1226 3780 et

127 3806 245 3872 implevi.
253 3813 583 3870 utvotemtuoerom,quem
592 3805 657 3855 Lan·
698 3809 803 3861 Xerxe:
821 3811 927 3860 ‘'l'anto
937 3810 1095 3860 moderatius
1109 3818 1162 3859 tum
1172 3807 1225 3861 tra·

128 3885 188 3946 gius
211 3883 244 3932 ad
261 3897 332 3931 oram
350 3881 470 3931 editionis
489 3881 657 3931 Frobenianoe
698 3893 751 3937 tm
768 3886 838 3937 iuter
853 3903 881 3938 ee
900 3902 979 3951 regna
998 3887 1109 3936 maxima
1125 3886 1225 3938 divide.

129 3959 261 4021 ascripsit,
271 3959 297 4009 io
306 3967 455 4010 contextum
469 3958 622 4022 reciperetu-
697 3963 768 4026 bant,
783 3980 860 4030 quam
874 3979 944 4016 nunc
958 3965 1053 4028 exigua
1070 3964 1226 4027 patrimonia

161 4046 174 4072 ⁵
192 4036 317 4086 Gemisice
334 4034 442 4098 fratres]
466 4036 546 4086 Forte
564 4034 656 4090 alludit
696 4041 861 4105 partiuntur?

129 4113 164 4165 ad
177 4114 286 4163 Remum
299 4120 327 4162 et
340 4113 484 4162 Romulum.
728 4126 741 4160 Ρ
757 4118 899 4168 Obtrecturtt
919 4115 966 4165 sihi
986 4113 1097 4178 inruere]
1124 4117 1223 4170 Notum

161 4201 175 4227 ⁰
189 4189 352 4255 Patrimonio]
377 4189 453 4240 Haud
476 4189 593 4241 absimile
614 4196 656 4243 est
697 4193 758 4248 illud
769 4193 892 4245 Hesiodi:
906 4189 1223 4256 ‘dgulnstiguloinvidet'
