2730 4726
130 341 217 408 loet
399 354 565 404 uuueuu
590 355 822 405 euurrsuurr
854 357 974 405 rouro

128 510 228 575 esset,
244 500 335 585 quod
356 501 501 566 sortasse
524 492 799 585 reprehendam
819 501 961 566 nimium
981 510 1016 566 te
1039 503 1171 568 scilieet
1188 505 1238 569 su·

129 606 195 670 oile
218 624 273 681 ea,
288 625 366 687 quae
387 605 437 669 sis
459 607 658 682 tributurus,
671 606 815 688 aperire,
833 611 878 680 et,
894 606 967 668 siue
989 605 1059 669 ullo
1080 607 1237 685 artificio,

129 709 200 773 cito
222 727 384 792 promere,
396 727 476 792 quae
498 710 627 792 sperari
650 709 708 772 diu
733 707 890 773 debeant.
935 707 1073 784 Nescis,
1089 707 1237 792 Impera-

129 818 191 886 tor,
206 816 265 874 tua
287 808 520 875 oommendure
541 810 727 883 beneticin;
750 809 934 893 praestandi
949 809 1126 874 eeleritate
1140 831 1237 874 oecu-

127 931 193 997 pus
213 920 347 996 tempus
369 911 523 995 optandi.
566 916 601 976 4.
623 912 691 976 Sed
717 913 808 977 euim
829 911 1048 992 induigentia
1071 913 1237 976 celeritate

128 1014 254 1091 vicisti,
270 1014 467 1097 Imperator,
482 1015 558 1098 ipsu
580 1015 753 1091 elementa,
773 1015 899 1098 quibus
920 1013 1120 1090 animamur,
1134 1022 1171 1078 et
1189 1016 1236 1079 vi·

128 1118 251 1182 rimus
295 1116 365 1180 Diu
385 1118 515 1181 venturi
537 1119 680 1181 bominis
703 1127 821 1200 partus
843 1121 997 1199 optatur3
1021 1115 1081 1179 diu
1107 1118 1235 1198 rugitus

127 1219 294 1284 inconditi
324 1220 509 1284 locuturam
536 1219 693 1285 differunt
722 1239 866 1296 vocem3
895 1219 956 1282 diu
983 1218 1099 1300 fruges
1122 1219 1235 1304 hyems

129 1323 277 1398 cohibet,
298 1342 357 1387 ver
379 1321 474 1386 elicit
496 1323 608 1399 flores,
631 1331 733 1387 aestus
759 1321 906 1393 solidat?
927 1320 1022 1384 eeior
1046 1317 1237 1384 emuturut.d

128 1424 183 1488 Tu
203 1425 303 1488 uobis
325 1426 429 1488 vitam
453 1427 580 1508 puriter
600 1432 706 1490 totam
729 1424 872 1502 dedisti3
895 1431 933 1487 tu
956 1423 1084 1487 fruetus
1105 1423 1235 1488 merito-

127 1545 200 1589 rum
219 1533 348 1590 tuorum
370 1527 486 1591 statim
508 1546 572 1593 nos
587 1538 723 1607 metere,
740 1536 775 1593 et
787 1529 821 1591 iu
837 1524 986 1590 conditis
1000 1523 1148 1588 reterre‘
1164 1523 1236 1608 jus-

127 1627 215 1690 sisti.
257 1629 289 1692 5.
312 1628 538 1694 Reievaturus
553 1650 706 1706 censum,
721 1630 871 1693 definisti
889 1645 1086 1692 uumemm:
1110 1628 1236 1708 reliqua

128 1728 242 1794 debita
257 1733 470 1808 remissurus,
486 1740 647 1816 quantum
662 1733 869 1810 deberemus,
882 1729 1112 1812 interrogasti.
1148 1727 1234 1807 Qum

127 1833 343 1916 iuterrogatio
369 1834 547 1898 manifesta
569 1835 749 1917 promissio
774 1834 848 1898 suit.
895 1831 1086 1897 Nemeum
1111 1831 1157 1908 is,
1179 1829 1235 1915 qui

128 2120 250 2172 Francos.
262 2121 348 2171 Puris.
364 2121 483 2170 Paterol.
496 2119 591 2169 cetur.
619 2118 846 2169 coneiiiuinuiiem
863 2120 924 2168 Vet·
938 2117 1139 2168 LirimBertiu.
1165 2119 1236 2168 meri·

129 2187 189 2236 dnm
207 2186 308 2246 alicujus
327 2186 390 2235 Vet.
410 2187 523 2236 Puteuu.
551 2183 653 2243 uticujtu
670 2184 748 2232 etiam
769 2184 841 2233 Gud.
857 2183 944 2233 Moert.
970 2182 1103 2234 nitidioris
1120 2184 1196 2234 abest
1210 2186 1234 2233 in

127 2251 231 2300 Bertiu.
257 2252 468 2314 reprehenderetur
484 2250 545 2298 edd.
565 2258 626 2298 aute
648 2247 739 2298 Arntz.
767 2250 947 2311 reprehenderet
963 2249 1025 2298 Vet.
1043 2248 1159 2299 Puteuu.
1175 2249 1235 2299 Vet.

128 2315 214 2366 Lirin.
225 2316 326 2365 Bertiu.
336 2317 424 2365 Moeri.
437 2315 551 2379 Gueiph.
581 2315 660 2364 ‘Nou
673 2314 780 2376 piacet!
794 2314 877 2363 Liuio.
904 2314 1029 2363 Chusseu.
1043 2313 1131 2365 Rivin·
1141 2321 1169 2363 et
1178 2313 1234 2364 edd.

128 2389 191 2429 ante
206 2381 287 2429 Livin.
313 2394 423 2442 eperum,
440 2381 501 2428 Vet.
514 2381 626 2428 Putean.
638 2386 665 2427 et
677 2378 791 2442 Gneiph.
807 2393 866 2427 cum
878 2378 939 2429 edd.
955 2385 1069 2427 reeentt.
1085 2379 1189 2441 sperari,
1206 2386 1233 2427 ut

128 2445 197 2507 conj.
211 2445 313 2493 Acidal.
338 2445 596 2508 praertuntieeteritute
606 2443 779 2494 chriseu-t
798 2443 894 2492 Etenim
902 2443 999 2505 Jaeger.
1022 2444 1128 2492 unierunt
1138 2445 1236 2494 ωὐίυιιω

129 2510 242 2572 Guetph.
255 2511 371 2558 Rheueu.
384 2510 474 2571 Steptr.
488 2511 572 2558 Livio.
584 2517 611 2558 et
623 2509 706 2557 Riviu.
717 2513 739 2558 1.
756 2509 900 2568 aninumr,
911 2509 1045 2558 etvioimue
1053 2509 1115 2558 Vet.
1127 2509 1237 2558 Putem.

128 2576 191 2625 Vet.
205 2575 291 2623 Lirin.
303 2575 405 2623 Bertin.
417 2575 505 2622 Mmri.
517 2575 596 2624 Grnt.
608 2582 637 2622 et
647 2573 708 2623 edd.
722 2580 833 2622 receutt.
859 2573 1000 2630 animemur,
1013 2573 1117 2623 einim
1129 2574 1235 2638 Cuspio.

128 2648 157 2689 et
174 2640 239 2689 Exc.
254 2639 399 2688 Schouhov.
417 2641 511 2688 omissa
531 2639 660 2702 particula
677 2646 711 2688 et.
741 2640 838 2688 ‘Forte
853 2638 967 2686 minutio
981 2637 1102 2686 uiuimus!
1120 2639 1235 2689 Rheuau.

125 2710 228 2768 puratos
243 2711 339 2767 optetur
355 2704 472 2753 Rheuau.
485 2704 577 2767 Steph.
591 2703 674 2753 Lirin.
691 2704 778 2753 Rivin.
791 2707 815 2752 l.
839 2709 925 2764 portus
939 2707 1036 2764 optutu
1047 2704 1113 2751 Vet.
1126 2703 1236 2755 Putem.

130 2771 194 2819 Vet.
209 2769 403 2819 Liviniiertiu.
416 2770 524 2831 Cuspio.
534 2770 599 2817 Exc.
612 2770 692 2831 Lung.
705 2769 775 2818 Gnd.
787 2769 872 2817 Mori.
883 2768 961 2816 Grut.
974 2774 1002 2816 et
1013 2766 1075 2816 edd.
1086 2776 1234 2822 recentum

129 2836 199 2898 conj.
213 2835 314 2885 deidei.
341 2835 572 2896 ougitminmnditu
583 2834 697 2896 Gueiph.
716 2833 758 2882 cf.
771 2831 920 2882 Markland.
939 2833 971 2879 ud
986 2832 1057 2881 Stat.
1074 2833 1149 2896 Syir.
1167 2848 1194 2884 v.
1213 2839 1235 2882 5.

129 2904 172 2949 82.
199 2899 340 2963 oettuestore
349 2901 437 2950 solidat
449 2899 510 2948 edd.
521 2908 582 2947 ante
597 2898 687 2947 Arum.
708 2897 773 2960 flore
789 2898 863 2947 deest
874 2897 900 2944 in
914 2897 975 2946 Vet.
987 2897 1101 2946 Putetu.
1112 2907 1142 2948 et
1152 2899 1234 2948 Muri.

129 2964 188 3013 ‘Au
211 2965 288 3013 miore
309 2969 432 3013 maturat?
450 2970 479 3013 ut
493 2962 558 3026 flore
573 2962 679 3012 solidat!
696 2963 800 3011 Acidat.
826 2961 955 3010 ‘Acidniii
975 2963 1134 3024 conjectura
1153 2973 1195 3015 est
1210 2964 1234 3012 in

130 3029 255 3078 Chuesen.
286 3028 344 3077 Nou
364 3043 479 3089 necesse,
497 3032 642 3090 presertim
660 3028 680 3076 ei
697 3028 838 3076 lectionem
849 3026 926 3089 florei
937 3027 1079 3075 seeundum
1092 3029 1172 3078 codd.
1184 3035 1234 3079 tue·

130 3092 199 3142 urie!
215 3094 301 3141 Arutz.
330 3093 385 3142 Pro
400 3094 547 3151 meritorum,
559 3090 663 3141 Acidai.
681 3092 750 3154 eouj.
773 3105 904 3153 munerum,
919 3091 961 3138 vel
972 3092 1139 3144 remediorum.
1166 3095 1233 3154 Mox,

128 3163 153 3206 et
175 3156 303 3206 inconditis
320 3156 380 3206 edd.
398 3162 462 3206 vett.
490 3163 514 3205 et
531 3158 558 3205 in
577 3157 677 3205 conditio
696 3156 758 3205 Vet.
776 3156 889 3204 Putem.
916 3155 998 3203 condis
1014 3156 1119 3206 Bertiu.
1145 3159 1234 3208 conditu

130 3223 199 3283 conj.
214 3221 313 3269 deidei.
342 3227 365 3270 et
376 3223 402 3270 iu
413 3221 590 3281 conditieserre
607 3221 692 3270 Moeri.
703 3230 731 3271 et
742 3219 813 3270 Gnd.
842 3220 962 3283 Denique
974 3219 1079 3270 deidei.
1090 3223 1144 3284 tegi
1151 3223 1232 3286 jubet,

123 3285 222 3346 jussisti
235 3285 400 3335 Reoetuturue.
425 3286 558 3336 ‘Acidniii
570 3286 718 3335 emendatio
727 3287 843 3348 pertinet
852 3287 883 3333 nd
896 3285 1020 3349 qtruedum
1032 3286 1094 3334 edd.
1106 3289 1133 3337 iu
1148 3288 1232 3350 quibu!

130 3358 190 3413 poet
207 3349 304 3407 jueeieti
328 3353 438 3413 positum
462 3360 504 3400 est
526 3353 611 3400 uniunt
635 3359 735 3402 tuntum
751 3350 942 3413 distinguendae
960 3351 1099 3400 senteutiae
1121 3347 1234 3410 rignum-⁹

130 3416 267 3465 dente-5
286 3416 350 3465 Voe.
367 3416 447 3467 debita
462 3416 552 3466 delent
565 3418 675 3469 Ritters.
687 3416 784 3465 Cultor.
796 3424 822 3466 et
838 3415 937 3479 Jaesser·
963 3416 1107 3466 dimissurus
1123 3417 1232 3484 Gueipit.

628 3582 736 3637 NOTAE

129 3698 183 3757 rie,
196 3704 247 3747 tum
260 3695 337 3747 tacite
347 3704 373 3747 te
386 3699 511 3749 comitata
523 3707 573 3760 est,
585 3713 661 3764 quam
736 3705 747 3732 ⁰
765 3697 801 3745 ut
810 3697 835 3745 iu
846 3696 948 3746 conditio
958 3694 1060 3757 referre]
1079 3693 1231 3756 Metapinum

130 3776 183 3824 cito
192 3775 223 3823 ud
235 3783 316 3823 terras
325 3775 391 3824 eoeio
400 3776 478 3825 missa
487 3775 662 3839 perveniunt!
704 3774 782 3822 ductu
794 3772 988 3836 ammantibus,
1000 3772 1044 3836 qui
1057 3785 1109 3820 uon
1126 3770 1232 3819 simulet

134 3868 137 3875 ¹
160 3850 172 3883 b
185 3851 433 3916 Amicimuitidioiie]
451 3854 560 3903 Retineo
570 3867 660 3904 vocem
703 3857 814 3910 metunt,
825 3858 853 3898 et
864 3863 959 3898 messes
970 3847 1089 3899 condunt
1100 3847 1231 3896 inhorret.

130 3928 210 3982 amici,
222 3943 277 3990 quire
290 3928 364 3979 obest
374 3930 400 3978 iu
409 3929 523 3980 editione
533 3933 661 3981 Puteana.
702 3928 762 3978 Mos
775 3933 861 3976 autem
875 3925 1002 3976 bonorum
1013 3924 1163 3989 principum
1174 3934 1231 3971 een·

162 4003 289 4066 cSotidut]
308 4004 380 4068 Virg.
393 4005 492 4067 Georg.
505 4020 524 4056 r.
538 4011 595 4055 179.
608 4006 661 4055 Ἀ·
704 4019 753 4069 per
763 4002 823 4065 suit,
836 4001 935 4053 attritio
952 4002 1032 4066 bello,
1043 4001 1087 4050 vei
1103 4001 1154 4048 atie
1171 3999 1232 4048 eula-

132 4094 176 4128 rea
188 4088 240 4129 tum
255 4083 364 4144 primum
382 4090 456 4132 creto
471 4083 607 4135 solidanda
623 4091 661 4134 te·
703 4083 795 4133 mitnte
806 4080 957 4131 civitatibus
968 4094 999 4129 ec
1013 4078 1167 4143 provinciis,
1178 4088 1231 4126 oue·

132 4156 210 4205 nuci!
703 4155 1231 4218 rumfisediumvuettioueautinduigeu·

163 4230 174 4263 ¹¹
190 4233 327 4297 Emuturut]
348 4233 388 4284 An
399 4233 523 4285 maturat?
703 4237 738 4288 tie
751 4235 898 4288 subvenire.
