2730 4726
131 321 219 397 1684
530 333 666 389 namur
690 333 830 385 aarum
902 340 906 349 ·

131 489 225 548 tenta
243 479 436 565 porticibus
459 481 652 547 ambulacra
667 481 843 547 miremr:
867 478 916 546 ita
928 479 966 544 ln
977 477 1140 546 laudibus
1160 479 1226 567 tuis¹

130 591 268 653 sanctos
283 584 400 669 palatii
414 583 513 662 ritus,
533 593 569 649 et
589 585 712 670 priscis
732 582 898 669 aequanda
912 582 1118 648 caerimoniis
1132 585 1228 650 insti·

132 693 205 754 tnta
213 687 373 766 venerati,
387 687 523 770 gradum
535 688 579 752 ad
591 687 650 752 illa
659 687 869 771 proferimus,
884 705 962 771 qum
977 687 1013 751 in
1025 686 1139 754 medio
1148 707 1226 753 con·

130 788 312 869 stitnta,et
325 787 369 853 ad
385 787 545 872 publicos
557 808 642 853 usus
662 789 832 869 facientia,
849 808 917 854 non
937 789 1091 873 purtim,⁸
1113 789 1174 865 sod
1195 789 1228 869 in

130 910 310 957 commune
325 890 534 958 conducunt:
557 911 619 957 nec
635 893 832 976 parietibus,
844 891 904 956 sed
916 893 996 956 orbe
1009 878 1226 958 clauduntur:

130 1014 193 1060 nec
207 999 306 1074 tecto,
316 994 377 1059 sed
392 994 480 1059 coelo
495 996 697 1079 operiuntur.
739 995 774 1062 2.
796 994 901 1061 Velut
911 995 1053 1078 primum
1069 995 1153 1060 illud
1167 1001 1228 1074 est,

130 1116 174 1176 ne
181 1097 296 1162 statim
305 1117 436 1163 summa
444 1106 634 1181 captemus,
644 1098 736 1183 quod
747 1098 861 1164 creber
870 1098 1030 1180 egressn‘
1043 1104 1228 1183 expectam-

130 1200 221 1265 tibns
237 1200 375 1284 populis
389 1206 423 1264 te
439 1200 575 1279 fateris:
594 1221 658 1266 nec
675 1201 782 1266 videri
792 1199 894 1265 modo
908 1202 1052 1285 patiens,
1068 1203 1131 1267 sed
1147 1203 1229 1281 lucif

130 1303 175 1371 lis
197 1299 307 1382 adiri,¹¹
330 1305 524 1387 aproximo
550 1305 682 1389 accipis
699 1313 784 1370 vota
804 1304 974 1393 hominum
993 1310 1156 1375 tuorum:
1183 1309 1228 1382 ut,

128 1405 286 1491 quisquis
297 1405 356 1470 ille
370 1408 540 1472 consultor
555 1406 635 1485 ests
651 1407 784 1473 etiamsi
808 1405 965 1470 meruerit
989 1407 1098 1490 (quod
1113 1414 1167 1472 est
1180 1427 1228 1472 ra⁴

129 1511 217 1587 mm)
231 1507 410 1591 repulsam,
424 1509 509 1573 seret
522 1509 631 1573 tamen
646 1509 713 1573 visi
727 1510 872 1575 numinis
886 1510 1158 1574 conscientiam
1197 1512 1229 1576 3.

130 1610 180 1674 At
192 1630 294 1695 quam
307 1609 423 1675 aliter*
437 1611 572 1676 illorum
593 1613 791 1698 Principum
812 1631 886 1677 mos
901 1610 963 1677 luit
976 1610 1083 1697 (quos
1096 1596 1229 1698 loquar,

129 1720 248 1783 notum
269 1715 335 1791 est)
357 1713 416 1796 qni
437 1713 647 1796 majestatem
670 1715 794 1797 regiam
810 1713 960 1778 imminui
974 1718 1008 1777 et
1021 1715 1154 1797 vulgari
1169 1736 1231 1800 pn·

130 1819 259 1894 tabant,
281 1815 348 1880 nisi
374 1836 432 1881 eos
451 1815 539 1880 intra
554 1815 742 1901 repositum
761 1817 931 1883 Palatinae
946 1816 1051 1882 aedis⁶
1065 1819 1228 1897 inclusor,

130 1928 292 2007 tauquam
307 1919 443 2003 aliquod
456 1918 601 1985 Vestale
617 1917 804 1986 secretumi
819 1922 985 1985 veneratio
1002 1909 1142 1987 occulta
1154 1941 1228 1987 con

130 2023 307 2090 suluisset:
329 2022 393 2085 nisi
407 2021 496 2086 intre
516 2022 738 2088 domesticam
751 2022 899 2087 umbram
908 2021 1066 2106 jacentes
1083 2024 1229 2114 solitudp

130 2112 299 2212 provisa,’¹
314 2129 349 2188 et
365 2122 499 2189 silentia
512 2125 581 2190 late
598 2125 777 2190 conciliata
792 2124 992 2191 vallassent.
1035 2127 1071 2191 4.
1094 2125 1228 2206 Quinsi

131 2229 265 2318 quando
279 2230 314 2293 in
328 2230 441 2293 lucem
456 2228 578 2302 venire,
591 2234 625 2294 et
647 2229 736 2295 diem
760 2229 846 2294 ferre
869 2228 1069 2313 potuissent,
1085 2230 1228 2296 lecticisl

162 2370 177 2470 l
190 2373 697 2517 lltllrbrlldlrlupleblllle'lelreolllrllooeccudum.

159 2500 742 2621 tlitttttttttitltultitimum·

164 2632 177 2666 l
196 2635 274 2690 Quom
284 2635 418 2685 dissimilia.
611 2642 620 2666 ⁸
637 2634 707 2683 lutra
715 2633 848 2696 penetralia
856 2645 931 2681 eamn
939 2632 1009 2684 ndis.

58 2717 61 2720 ¹
159 2696 171 2738 ἰ
188 2699 247 2748 Nisi
257 2701 322 2750 lutra
332 2700 471 2750 domesticae
481 2699 586 2764 parietes
595 2699 704 2762 jocanter
713 2699 816 2747 solitudo
827 2698 939 2762 querito,
951 2700 991 2761 ise.

590 2824 770 2847 uetustum

162 2895 230 2946 Can.
242 2908 303 2944 xxr.
328 2897 341 2944 1
355 2895 403 2945 Ed.
415 2910 456 2945 an.
465 2899 537 2946 1416.
551 2896 668 2945 Rhenan.
679 2895 712 2944 al.
723 2900 788 2943 vett.
804 2894 938 2943 ambulacra
948 2898 972 2943 et
982 2894 1096 2944 claustro.
1129 2873 1226 2943 Aeidst

23 2950 26 2960 ¹
129 2961 196 3025 conj.
211 2962 243 3010 ad
259 2960 302 3009 illo
320 2961 476 3024 proferamus.
507 2959 582 3022 Mox,
594 2962 669 3011 codd.
686 2960 862 3010 Schwarziau.
876 2958 987 3022 Guelph·
1003 2967 1029 3007 et
1042 2955 1107 3008 Vet·
1118 2959 1225 3009 Putean.

128 3041 186 3075 usur
199 3026 332 3089 patiemim·
349 3027 410 3074 edd
426 3034 491 3076 vett.
505 3041 561 3074 usur
571 3025 691 3086 facientia
699 3043 709 3083 ,·
726 3026 790 3074 Eue.
802 3024 946 3073 Schouhov.
963 3024 1143 3073 musealeutin.
1176 3025 1226 3073 Pro

126 3091 227 3154 purtim,
238 3091 315 3140 codd.
328 3090 498 3140 Schwarziau.
511 3088 625 3154 Guelpb.
644 3103 672 3140 et
689 3092 751 3140 Vel.
771 3091 884 3139 Putean·
902 3091 997 3138 liabent
1012 3091 1137 3152 porti-2
1160 3089 1226 3140 Velut

125 3157 240 3219 primum,
251 3157 332 3212 idest,
343 3155 415 3221 (nes.
427 3172 447 3205 s.
461 3156 595 3219 cupiamus)
611 3158 681 3220 qued,
697 3159 737 3219 lfa.
757 3155 857 3205 Acidal.
889 3153 968 3204 idest
987 3157 1068 3203 ctiam
1087 3154 1147 3203 edd.
1167 3162 1227 3205 vett.

127 3222 230 3283 primum
246 3222 306 3269 illud
325 3227 361 3271 ert
379 3222 455 3271 codd.
474 3220 570 3271 Scheff.
591 3232 619 3270 et
636 3223 700 3270 Vet.
712 3221 824 3269 Putean-
836 3233 893 3269 eum
905 3222 965 3269 edd.
980 3220 1067 3268 Paris.
1077 3229 1105 3268 et
1118 3228 1226 3270 recentt.

127 3286 247 3348 copiarum
258 3286 371 3348 Guelph.
389 3294 416 3337 ut
431 3288 470 3337 sui
480 3287 585 3336 numinis
596 3286 660 3336 edd:
672 3300 714 3334 an.
727 3290 798 3336 1416.
815 3286 933 3335 Rhenau.
948 3285 1068 3334 Belduin.
1080 3294 1108 3335 et
1120 3286 1154 3334 ai.
1166 3291 1226 3334 vett.

128 3356 157 3398 ut
167 3351 189 3398 η’
199 3350 302 3399 numinis
314 3351 391 3401 codd.
402 3351 494 3402 Scheff.
512 3352 596 3400 Livio.
613 3353 708 3412 aliique
720 3350 771 3399 duo
784 3366 826 3412 ap.
837 3351 916 3401 Garat.
933 3351 978 3400 uisi
989 3351 1096 3399 numinis
1105 3351 1166 3400 Vct.
1176 3351 1227 3400 Pu·

128 3422 199 3466 tean.
209 3424 238 3465 ut
250 3417 317 3479 conj.
328 3416 493 3468 dietmare-3
510 3416 545 3467 Ar
556 3423 643 3481 quanto
655 3417 727 3466 aliter
742 3416 836 3465 illatum
847 3417 910 3466 Exc.
920 3414 1065 3466 Schonhou.
1078 3415 1191 3480 Grtelplr.
1201 3422 1227 3466 at

160 3608 348 3674 sNeuportim]
366 3609 398 3658 Id
410 3616 515 3665 estnon
528 3610 658 3674 privatim,
729 3606 738 3652 l
755 3607 869 3672 bouis]
885 3607 1006 3657 Lectione
1022 3614 1084 3657 ante
1097 3608 1227 3661 Ciceronis

126 3689 210 3752 inquit
231 3688 372 3736 Puteanus.
403 3688 492 3752 Aliqui
511 3690 601 3752 legunt
611 3703 656 3752 po·
697 3696 818 3753 tempora
834 3690 860 3738 in
877 3691 957 3752 egris,
974 3702 1026 3736 non
1047 3689 1075 3737 in
1093 3690 1175 3751 urbe3
1197 3689 1226 3739 ad

127 3767 213 3820 tentia,
222 3765 265 3814 aiii
276 3765 388 3829 colentia,
399 3765 443 3813 alii
451 3766 526 3829 parti.
697 3767 748 3816 iter
759 3773 925 3822 tantum,non
933 3764 1097 3815 addesidium
1104 3769 1226 3819 urbanam

159 3842 283 3893 hFacilis
299 3844 375 3909 adiri]
405 3845 445 3893 Da
464 3843 514 3894 hac
534 3844 657 3910 loquendi
696 3844 813 3893 adhiberi
822 3844 993 3892 solitannotat
1004 3843 1122 3906 Lipsius:
1142 3853 1227 3909 postea

127 3918 209 3968 forma
221 3934 301 3981 supra
311 3921 411 3982 Paneg.
423 3935 451 3970 x.
463 3925 502 3969 14.
696 3936 757 3970 vero
769 3922 871 3970 easdam
887 3922 924 3971 ita
936 3935 1085 3970 communes
1098 3921 1193 3986 factas,
1202 3928 1227 3972 nt

162 3995 407 4058 ¹l'eatolerecretum]
416 3997 557 4047 Alluditad
570 3998 656 4062 iguem
696 3999 827 4048 adsertae
839 4012 973 4062 personas,
991 4004 1107 4055 etatem,
1124 4016 1156 4050 ac
1174 4015 1225 4051 cer·

127 4071 208 4130 illum,
219 4074 262 4138 qui
274 4074 300 4122 iu
313 4076 409 4124 intimis
427 4077 515 4125 Vestae
535 4084 656 4140 penetra·
698 4086 738 4127 tos
761 4078 816 4126 dies
839 4077 960 4141 restringi
985 4077 1045 4127 illas
1073 4080 1224 4144 oportuerit.

125 4148 299 4199 libusrumma
309 4164 367 4201 cum
381 4152 507 4218 religione
519 4169 534 4204 a
544 4154 656 4205 Vestali·
697 4156 767 4205 Vide
777 4149 893 4218 lliprium
912 4156 1030 4208 Elauer·
1042 4160 1083 4206 19.
1098 4157 1143 4208 ubi
1157 4158 1224 4224 plura

128 4223 391 4279 burcttstodicbatur.
698 4234 731 4284 de
740 4235 889 4286 lecticarum
901 4233 972 4284 varia
982 4229 1075 4284 forma.
