2730 4726
516 300 550 349 c.
572 301 606 347 a.
630 298 847 351 sueverant:
976 274 984 294 ’

652 529 722 594 11Ι.

175 650 246 717 Ηὶο
271 669 351 716 vero
377 648 618 733 Panegyricus,
640 668 740 732 quem
762 668 850 712 nunc
876 649 1112 716 illustrandum
1136 651 1236 721 nohis

131 754 326 832 sumsimus,
357 753 459 835 vulgo
491 751 625 836 quidem
657 749 805 816 Claudio
833 751 1060 830 Mamertino,
1076 759 1235 835 tanquam

131 857 270 935 auctori,
285 855 384 920 hodio
402 855 598 938 ascribitur:
621 872 674 918 res
690 862 813 931 tamen,
828 854 859 918 si
874 854 1021 936 penitius
1036 855 1237 932 excutiatur,
1272 864 1276 871 '

130 976 197 1022 nou
222 978 338 1042 parum
363 958 466 1023 dubia
487 957 627 1022 videtur.
671 955 771 1021 Certe
791 957 824 1022 in
847 962 966 1022 nostro
982 956 1102 1023 codice
1115 975 1236 1022 nomen

132 1057 324 1124 Mamertini
341 1059 430 1124 haud
448 1058 722 1142 deprehenditur:
746 1078 824 1126 cum
845 1059 906 1136 ibi,
928 1058 1018 1143 qnod
1036 1059 1108 1143 jam
1131 1076 1237 1142 supra

129 1161 333 1239 notavimus,
363 1160 438 1225 haec
463 1161 643 1245 inscriptio
672 1160 777 1225 minio
803 1161 937 1244 signata
966 1159 1030 1226 sit':
1057 1157 1238 1228 Genethliaci

134 1259 281 1327 Rhetoris
315 1261 424 1346 optimi
464 1259 682 1347 Panegyricus
716 1259 816 1326 dietus
849 1259 935 1326 Diuo
970 1261 1063 1327 Max.
1098 1259 1236 1347 August.

131 1363 278 1442 Nescio,
294 1383 336 1428 au
364 1364 457 1428 rudis
481 1364 637 1431 librarius
656 1383 702 1429 ex
719 1366 873 1449 sequenti
900 1366 1110 1450 Panegyrico
1119 1365 1237 1433 Gene-

32 1539 35 1544 ,
81 1513 87 1528 .
130 1465 271 1543 thliaco,
295 1465 413 1531 itidem
431 1463 638 1532 Maximiano
659 1464 752 1548 Aug.
769 1467 875 1547 dicto,
906 1488 1026 1534 nomen
1044 1465 1237 1546 Gentilium,

130 1575 291 1654 tanquam
323 1568 508 1654 proprium,
534 1566 680 1643 finxerit,
710 1574 746 1635 et
778 1567 845 1634 hnc
872 1570 1098 1652 antetulerit:
1121 1589 1167 1635 an
1191 1571 1237 1638 ah

114 1669 225 1737 'initio
251 1671 462 1754 simpliciter,
492 1671 566 1740 sine
594 1670 728 1736 nomine
753 1672 915 1750 auctoris,
939 1674 1103 1757 scriptum
1123 1672 1237 1751 fuerit,

133 1769 353 1839 Gnmthliaans
369 1771 586 1859 Panegyricus
602 1769 799 1846 Maximiano
821 1771 908 1861 Aug.
927 1774 1050 1845 dictus:
1074 1775 1157 1858 qnia
1182 1773 1237 1842 hic

129 1876 207 1961 ipse
222 1875 450 1959 Panegyricus
465 1875 522 1939 die
537 1874 646 1939 natali
660 1875 752 1940 urhis
766 1875 888 1941 &mae
904 1876 1039 1941 habitus
1055 1881 1119 1940 est.
1164 1875 1198 1943 N
1200 1896 1238 1943 e·

130 1998 198 2064 que
213 1979 299 2046 euim
315 1987 381 2056 est,
394 1977 485 2062 quod
502 1978 704 2059 cogitemus,
716 1975 784 2043 hoc
799 1997 923 2045 nomen
938 1978 1114 2062 proprium
1127 1977 1237 2045 tuisse

130 2081 274 2165 alicujus
289 2079 446 2145 Oratoris
461 2080 560 2147 istius
572 2080 661 2148 aevi:
685 2098 877 2164 quanquam
899 2081 1008 2147 simile
1023 2067 1163 2148 invaluit
1175 2101 1238 2147 no-

129 2202 225 2265 men:
250 2203 327 2250 cum
349 2181 559 2264 Augustinus
573 2182 721 2264 epistola
735 2198 874 2249 cnxru.
891 2203 980 2251 anno
1002 2183 1139 2269 quidem
1155 2183 1236 2253 399:

129 2285 268 2368 scripta,
293 2285 494 2353 mentionem
517 2285 635 2365 iecerit
659 2286 804 2371 alicujus
827 2286 1007 2363 Genethlii,
1030 2289 1142 2352 heatae
1164 2306 1238 2352 me·

129 2388 259 2466 monae,
275 2387 382 2452 cuiin
396 2405 532 2451 munere
550 2406 649 2453 sacro
666 2389 870 2453 successerit
886 2386 1045 2455 Aurelius
1061 2388 1238 2472 Carthagi·

38 2499 41 2502 “
128 2490 265 2555 niensis.
304 2490 452 2565 Interim,
467 2489 502 2552 in
519 2490 631 2572 priore
646 2491 732 2555 lihro
745 2489 914 2567 Gudiano,
930 2511 975 2556 ox
989 2492 1059 2558 alio
1072 2491 1149 2556 cod.
1166 2490 1238 2558 Ma.
1284 2549 1287 2556 .

128 2590 218 2656 idem
235 2576 304 2655 fere
320 2591 437 2656 titulus
453 2591 503 2656 sic
519 2592 738 2675 exprimitur:
766 2589 801 2657 V.
816 2589 853 2655 C.
870 2590 1077 2670 Genethliaci,
1090 2591 1238 2660 ennom

133 2691 267 2778 Optimi,
284 2688 471 2780 πανηγυρικός
486 2692 587 2757 dictur
604 2691 689 2759 Divo
705 2691 903 2758 Maximiano
925 2693 1012 2780 Aug.
1056 2695 1097 2759 In
1110 2696 1238 2763 eonem

42 2834 48 2843 ·
127 2798 215 2865 libro
242 2796 411 2874 Gudiano,
431 2817 477 2863 cx
501 2797 568 2863 alio
589 2797 707 2864 codice
729 2797 800 2862 Ms.
821 2797 878 2863 hic
902 2799 1017 2863 titulus
1031 2799 1236 2865 exhibetur:

129 2899 343 2987 Panegyricus
373 2897 573 2966 Maximiano
597 2897 747 2963 ‚Herculio
776 2896 1033 2986 Diocletianoque
1056 2900 1091 2964 in
1118 2898 1237 2966 Natali

135 3001 227 3067 Urbis
243 3002 352 3066 dictus.
398 3003 439 3067 Iu
456 3005 562 3067 altero
576 3021 660 3066 vero
681 3002 767 3066 libro
784 3001 946 3067 Gudiano
961 3009 1156 3075 annotatum
1172 3011 1235 3083 est,

128 3106 163 3172 in
178 3106 329 3189 quodam
344 3104 420 3170 cod.
437 3104 505 3169 Ms.
522 3105 620 3188 plane
635 3105 754 3170 deesse
771 3104 906 3169 titulum
922 3105 1001 3172 huic
1018 3106 1237 3192 Panegyrico,

128 3209 186 3294 qui
201 3209 251 3274 ihi
265 3208 350 3273 inter
364 3213 497 3273 ceteros
512 3215 703 3273 numeretur
720 3221 759 3269 x.
796 3207 910 3271 Etiam
921 3206 1041 3273 Claud.
1054 3207 1235 3278 Puteanus

122 3310 197 3395 jam
213 3312 399 3386 annotavit,
415 3310 548 3374 titulum
564 3309 665 3393 hujus
680 3309 884 3394 Panegyrici
906 3311 999 3376 varie
1014 3311 1049 3374 iu
1064 3310 1159 3376 libris
1174 3331 1235 3379 no·

128 3413 202 3479 tari.
239 3412 435 3496 Aliquando
450 3413 500 3478 ita
514 3412 670 3478 inscribi:
696 3411 735 3477 F.
752 3410 950 3478 Genethliaci
962 3411 1110 3478 Rhetorir
1124 3415 1237 3520 optimi

126 3517 314 3600 πανηγυρικὸς
342 3514 442 3579 dictus
470 3513 558 3580 Diuo
584 3514 784 3582 Maximiano
812 3513 898 3601 Aug.
943 3514 1137 3601 Aliquando
1159 3518 1234 3587 siu:

129 3616 348 3705 Panegyricus
376 3616 583 3697 Maximiano,
604 3617 644 3686 'da
668 3618 772 3685 natali
796 3618 904 3685 Roma
930 3617 989 3684 die.
1034 3618 1235 3703 Aliquando

126 3724 215 3789 hunc
240 3723 276 3786 in
302 3721 458 3787 modum:
484 3719 601 3786 Intuenti
625 3721 772 3786 Auctoris
795 3720 1003 3787 Maximiano.
1047 3720 1162 3805 Atque
1183 3723 1237 3790 ita

128 3828 231 3891 etiarn
246 3825 281 3889 in
298 3824 453 3907 principe
466 3823 611 3892 editione
627 3827 750 3892 Frauc·
769 3825 949 3891 Puteolani
970 3824 1026 3889 hic
1040 3824 1162 3890 titulus
1174 3845 1234 3892 ex-

115 3948 229 4018 *cesus
256 3936 327 3993 est:
352 3924 569 4012 Panegyricus
593 3927 803 4005 Maximiano,
827 3924 1094 4012 Diocletiannque,
1122 3925 1234 3993 dictus.

128 4029 198 4110 Qui
213 4032 336 4096 titulus
357 4030 459 4095 etiam
480 4030 515 4093 in
536 4030 738 4117 cuspiniani
759 4031 909 4095 editione
931 4029 1112 4096 iuvenitur.
1160 4030 1235 4103 Pn-

12 4181 13 4185 =
127 4150 217 4208 mus,
232 4142 397 4217 quantum
411 4132 511 4199 nohis
534 4141 679 4215 constat,
695 4135 825 4201 Beatus
841 4131 1026 4198 Rhenanus
1041 4132 1075 4196 iu
1089 4133 1234 4216 impres

129 4236 176 4302 sis
199 4234 286 4302 hanc
316 4236 568 4346 inscriptionem
589 4238 765 4307 exhihuit:
795 4233 1014 4322 Panegyricus
1032 4231 1234 4305 hunniam
