2730 4726
387 289 555 387 runruuo
579 334 668 385 uuo.
704 318 830 385 xum.
913 343 917 351 ·
1076 316 1164 389 isca

62 479 210 570 quisque
229 480 411 560 honestior,
433 487 527 546 tauto
542 481 761 568 importunior
774 483 921 566 turpium
940 481 1065 574 arbiter
1078 482 1164 550 rita·

60 595 178 656 retur!
219 585 254 650 3.
273 581 324 649 At
350 590 397 662 tu,
417 584 583 667 Auguste,
608 586 761 649 omnibus
783 586 879 667 nugis
902 586 1052 663 remotio,
1075 587 1166 670 opti·

62 705 157 753 mum
175 692 209 753 et
222 687 453 752 doctissimum
469 707 635 771 quemque
650 688 827 772 perquiris.
876 687 913 752 Si
929 688 1005 771 quis
1021 695 1166 771 praestat

52 789 244 877 *uirtutibus
258 790 403 864 bellicis,
417 797 450 856 et
464 791 566 856 laude
582 791 722 869 militiae,
737 793 772 856 in
788 792 906 856 amicis
921 790 1080 872 hahetnr;
1102 791 1165 874 qni

61 892 258 960 inoratoria
277 891 451 970 facultate,
473 894 584 978 quiin
607 895 749 958 scientia
765 895 854 979 juris
878 893 989 958 civilis
1013 893 1165 974 excellit,

61 995 149 1060 ultro
171 995 216 1059 ad
238 995 497 1062 familiaritatem
517 1003 669 1063 vocatur.
713 999 747 1061 4.
769 995 982 1079 Quicumque
999 997 1034 1060 iu
1056 996 1164 1061 admi·

60 1097 262 1164 nistratione
284 1099 482 1182 reipublicae
499 1100 708 1163 innocentem
726 1119 761 1163 se
776 1118 924 1183 unquam
947 1105 982 1162 et
995 1103 1164 1165 strenuum

61 1201 220 1285 praebuit,
234 1201 269 1264 in
284 1203 488 1266 consortium
503 1221 675 1266 munerum
689 1210 893 1286 receptatur.
932 1201 966 1265 5.
989 1200 1164 1284 Regeudis

61 1303 248 1388 provinciis
269 1324 338 1369 non
360 1304 651 1369 familiarissimum
676 1324 857 1388 quemque,
879 1303 937 1367 scd
960 1303 1164 1368 innocentis·

61 1405 296 1488 simumlegis.
340 1403 464 1471 Omnes
481 1414 548 1472 ate
561 1414 721 1490 augentur
734 1407 892 1491 pecunia,
913 1406 1164 1490 locupletantur

61 1509 203 1588 divitiis,
219 1510 400 1574 honoribus
416 1509 646 1575 honestantur.
1150 1526 1153 1531 ’

104 1611 198 1678 Gur.
214 1627 327 1676 xxvl.
352 1613 403 1677 -1.
426 1613 572 1678 Prorsus
597 1612 765 1678 amicitias
793 1611 899 1678 tueris
930 1611 1053 1696 priuati
1083 1612 1165 1694 fide,

60 1713 284 1798 Imperatoris
306 1716 487 1798 opulentia,
513 1736 589 1799 quae
608 1723 778 1798 perpetuae
803 1723 837 1780 et
860 1715 1045 1779 constantis
1065 1716 1164 1781 bene-

58 1818 219 1883 volentiae
233 1817 340 1900 prima
354 1817 478 1882 fiducia
493 1826 556 1899 est,
571 1818 758 1882 certissima
772 1818 944 1896 virtutum,
959 1825 993 1882 et
1005 1818 1164 1902 princeps

58 1921 200 1986 veritas.
242 1920 277 1984 2;
301 1919 508 2003 Nunquamq
525 1922 567 1984 iu
589 1921 701 1984 animo
717 1940 795 1984 esse
812 1920 1022 2002 suspicatum
1036 1919 1163 1987 audivi.

58 2021 177 2087 Nemo
198 2022 366 2087 simulatis
389 2023 577 2100 blanditiis,
603 2043 701 2087 nemo
723 2023 810 2086 falsa
834 2021 1078 2105 pollicitatione
1105 2022 1164 2086 de·

57 2129 181 2209 ceptus
195 2129 257 2188 est.
301 2124 389 2204 Quis
409 2127 515 2216 nescit
536 2125 674 2189 aliorum
694 2125 941 2209 imperatorum
960 2124 1097 2190 hilarem
1111 2126 1162 2190 di-

57 2228 203 2305 ritatem,
235 2227 554 2311 cachinnantemque
583 2228 749 2292 saevitiam
763 2228 799 2290 l'
820 2247 840 2291 a
867 2227 989 2310 quihus
1015 2227 1163 2311 ingenita

57 2328 239 2396 crudelitas
250 2330 406 2412 figmento
415 2331 543 2396 laetitiae
552 2331 737 2411 tegebatur.
758 2331 789 2396 3.
800 2329 888 2393 Mira
896 2329 1162 2413 estinPriucipc

56 2439 180 2496 nostro
207 2432 330 2496 mentis
349 2433 539 2516 linguaeque
563 2433 755 2497 concordia.
799 2432 879 2497 Non
900 2430 1002 2497 modo
1024 2433 1161 2498 humilis

57 2537 96 2601 et
118 2532 215 2618 parvi
234 2536 347 2615 animi,
367 2535 428 2600 sed
451 2535 572 2600 servile
595 2536 714 2599 vitium
739 2535 805 2600 scit
824 2554 902 2600 esse
926 2534 1164 2601 mendacium.¹

89 2725 101 2754 ⁴
120 2715 196 2770 Tanto
205 2719 534 2782 motertiorteatissugeretar
543 2734 624 2769 eorum
633 2734 685 2784 qua
695 2724 822 2781 moratur
834 2719 945 2785 turpiter.
988 2690 991 2695 .

517 2865 699 2886 oueeeneue

52 2957 183 3023 prim-2
199 2956 229 3007 Si
238 2957 293 3020 quir
300 2961 397 3020 praem
408 2957 495 3008 Ririn.
507 2963 531 3007 l.
543 2963 567 3009 2.
596 2958 628 3006 lu
639 2958 699 3008 edd.
711 2966 772 3007 ante
785 2958 816 3008 P.
829 2959 919 3021 steph.
931 2957 1026 3007 desunt
1036 2957 1093 3005 haec
1105 2970 1161 3007 rer·

43 3025 104 3102 bu,
111 3021 157 3100 pai
172 3023 199 3072 ia
209 3022 384 3099 croteriufinq.
395 3023 478 3083 iaci.
488 3039 509 3099 c·
519 3025 623 3073 excellit.
651 3024 718 3073 Vide
736 3026 813 3074 Nott.
829 3024 954 3073 Vera-5
972 3022 1041 3073 (lud.
1050 3023 1160 3082 scandic-

55 3090 766 3217 nzwssfflueaaegssgmertaeff13:1¹?privam
775 3153 853 3218 fldei;
868 3151 928 3200 Vet.
944 3152 1056 3202 Potesn.
1063 3152 1161 3214 private

48 3217 104 3284 βα
110 3232 122 3276 ,·
141 3215 254 3280 (inolplr.
264 3217 409 3283 priuatifide
416 3235 426 3277 ,·
440 3219 547 3280 Cuspio.
560 3219 726 3282 priuatifidei.
759 3220 832 3272 Mox,
844 3216 944 3266 Acidal.
956 3221 1024 3278 conj.
1033 3218 1162 3280 opulentia·

55 3283 90 3333 Ia
99 3287 135 3346 te,
151 3297 211 3343 quc,
223 3285 264 3346 qo.
277 3294 430 3343 receperunt
448 3285 542 3333 cellar.
557 3294 584 3331 et
603 3285 718 3332 Pararol.
745 3289 769 3332 et
776 3282 892 3346 principis
902 3282 990 3333 neritus
1002 3283 1063 3332 Vet.
1075 3282 1161 3348 Lirin.

55 3348 129 3398 unu.
141 3347 226 3397 Moerl.
252 3353 276 3397 et
287 3348 386 3397 maximi
399 3349 514 3412 principis
527 3349 616 3398 ueritus
628 3350 729 3398 Berlin.
745 3349 808 3398 Exc.
820 3347 966 3398 Scbonbov.
976 3356 1004 3398 et
1016 3348 1159 3412 cuspin.-

55 3413 383 3475 ultramodum.
413 3414 540 3476 Nunquam
557 3415 662 3463 Berlin.
675 3415 740 3462 Exc-
754 3413 898 3463 Schouhor.
912 3412 981 3464 Gud.
993 3414 1098 3479 Cuspio.
1125 3414 1158 3462 ri·

54 3478 171 3528 marra
180 3478 304 3527 blanditiis
315 3479 420 3527 Puteal.
434 3480 549 3528 Rheuau.
567 3480 658 3542 steph.
674 3480 758 3529 Riviu.
776 3482 800 3528 1.
825 3477 943 3527 simulatis
959 3478 1081 3528 blanditiis
1096 3479 1161 3529 Vet-

54 3542 171 3595 Pausa.
180 3542 293 3608 uuelpu.
305 3544 389 3594 Lirin.
401 3551 429 3594 et
439 3553 557 3596 recentt.
566 3547 692 3610 probante
705 3543 857 3595 Acidim-3
874 3543 987 3608 Guslph.
997 3544 1100 3595 mitem
1109 3549 1157 3594 ab
1220 3573 1223 3577 -

558 3673 664 3724 NOTAE

55 3768 273 3834 lemurumque.
383 3776 389 3783 “
629 3770 841 3837 quotiescumque
860 3773 953 3824 saevirc
969 3771 1157 3837 inquempinar

87 3847 248 3911 «Nunquam
263 3849 342 3912 [Nam
358 3851 437 3914 quem]
455 3851 588 3907 Fortasse,
628 3850 786 3910 destinabat,
809 3852 952 3914 composito
980 3849 1012 3897 nd
1035 3850 1099 3898 risos
1128 3858 1158 3901 st

56 3926 126 3975 Nun
136 3924 190 3986 quir
199 3926 302 3987 maligue
313 3927 342 3974 rte
353 3940 377 3976 re
391 3928 536 3989 suspicatum
546 3941 587 3976 aa·
623 3929 699 3991 jocos
712 3928 794 3989 vultu,
804 3926 962 3977 iracundiam
975 3926 1091 3988 tegebat.

54 4003 139 4054 divit?
155 4002 198 4051 lte
210 4003 326 4055 Liuineio
337 4005 451 4054 videtur.
659 4013 670 4039 ⁸
685 4005 778 4054 Semilc
787 4006 872 4053 citium
883 4003 930 4052 scit
940 4017 989 4052 eru
999 4001 1157 4066 mendacium]

87 4079 304 4130 rCrrclriuuuutem
324 4080 454 4143 scottiam]
483 4081 516 4132 ld
540 4087 588 4138 est,
629 4081 745 4130 Sumtum
762 4083 823 4130 illud
842 4095 874 4128 ex
886 4079 1029 4129 Plutarcho
1040 4078 1072 4127 ds
1084 4079 1157 4128 iusti·

54 4170 135 4224 quam
150 4159 275 4207 cachinno
294 4173 339 4208 reo
361 4156 445 4207 effuso
464 4160 519 4207 risu
540 4160 589 4207 dis·
629 4159 729 4208 tutione
740 4170 887 4223 puerorum,
896 4152 1054 4220 naamis
1063 4153 1092 4206 rh
1101 4153 1158 4218 ilci·

53 4233 208 4290 crumenat·
243 4235 420 4289 Domitianum
436 4242 520 4301 notat,
536 4235 589 4302 qui,
627 4237 719 4288 decom.
