<?xml version="1.0" encoding="UTF-8"?>
<!DOCTYPE html PUBLIC "-//W3C//DTD XHTML 1.0 Transitional//EN"
    "http://www.w3.org/TR/xhtml1/DTD/xhtml1-transitional.dtd">
<html xmlns="http://www.w3.org/1999/xhtml" xml:lang="en" lang="en">
 <head>
  <title>
</title>
<meta http-equiv="Content-Type" content="text/html;charset=utf-8" />
  <meta name='ocr-system' content='tesseract 3.04.00' />
  <meta name='ocr-capabilities' content='ocr_page ocr_carea ocr_par ocr_line ocrx_word'/>
</head>
<body>
  <div class='ocr_page' id='page_1' title='image "./panegyriciveter01baungoog_0214.png"; bbox 0 0 2730 4726; ppageno 0'>
   <div class='ocr_carea' id='block_1_1' title="bbox 399 331 1229 402">
    <p class='ocr_par' dir='ltr' id='par_1_1' title="bbox 399 331 1229 402">
     <span class='ocr_line' id='line_1_1' title="bbox 399 331 1229 402; baseline 0.008 -8"><span class='ocrx_word' id='word_1_1' title='bbox 399 344 638 394; x_wconf 76' lang='lat' dir='ltr'><strong>consrrnrm</strong></span> <span class='ocrx_word' id='word_1_2' title='bbox 663 343 823 396; x_wconf 78' lang='lat' dir='ltr'><strong>onsrrr.</strong></span> <span class='ocrx_word' id='word_1_3' title='bbox 861 347 897 394; x_wconf 87' lang='lat' dir='ltr'><strong>v.</strong></span> <span class='ocrx_word' id='word_1_4' title='bbox 917 331 971 397; x_wconf 76' lang='lat'><strong>20.</strong></span> <span class='ocrx_word' id='word_1_5' title='bbox 1143 332 1229 402; x_wconf 76' lang='grc'><strong>1301</strong></span> 
     </span>
    </p>
   </div>
   <div class='ocr_carea' id='block_1_2' title="bbox 129 490 1230 576">
    <p class='ocr_par' dir='ltr' id='par_1_2' title="bbox 129 490 1230 576">
     <span class='ocr_line' id='line_1_2' title="bbox 129 490 1230 576; baseline 0.003 -19"><span class='ocrx_word' id='word_1_6' title='bbox 129 491 260 568; x_wconf 79' lang='lat' dir='ltr'><strong>Caesar,</strong></span> <span class='ocrx_word' id='word_1_7' title='bbox 285 495 343 555; x_wconf 89' lang='lat' dir='ltr'><strong>tuo</strong></span> <span class='ocrx_word' id='word_1_8' title='bbox 369 490 466 555; x_wconf 88' lang='lat' dir='ltr'><strong>vultu</strong></span> <span class='ocrx_word' id='word_1_9' title='bbox 490 490 655 557; x_wconf 84' lang='lat' dir='ltr'><strong>videbant</strong></span> <span class='ocrx_word' id='word_1_10' title='bbox 683 491 834 556; x_wconf 93' lang='lat' dir='ltr'><strong>omnium</strong></span> <span class='ocrx_word' id='word_1_11' title='bbox 860 491 956 575; x_wconf 83' lang='lat' dir='ltr'><strong>signa</strong></span> <span class='ocrx_word' id='word_1_12' title='bbox 980 491 1163 576; x_wconf 79' lang='lat' dir='ltr'><strong>virtutum3</strong></span> <span class='ocrx_word' id='word_1_13' title='bbox 1193 497 1230 560; x_wconf 93' lang='lat' dir='ltr'><strong>in</strong></span> 
     </span>
    </p>
   </div>
   <div class='ocr_carea' id='block_1_3' title="bbox 128 593 1337 687">
    <p class='ocr_par' dir='ltr' id='par_1_3' title="bbox 128 593 1337 687">
     <span class='ocr_line' id='line_1_3' title="bbox 128 593 1337 687; baseline 0.007 -30"><span class='ocrx_word' id='word_1_14' title='bbox 128 594 238 658; x_wconf 79' lang='lat' dir='ltr'><strong>fronte</strong></span> <span class='ocrx_word' id='word_1_15' title='bbox 257 593 442 674; x_wconf 78' lang='lat' dir='ltr'><strong>gravitatis,</strong></span> <span class='ocrx_word' id='word_1_16' title='bbox 457 595 492 658; x_wconf 94' lang='lat' dir='ltr'><strong>in</strong></span> <span class='ocrx_word' id='word_1_17' title='bbox 513 594 621 658; x_wconf 91' lang='lat' dir='ltr'><strong>oculis</strong></span> <span class='ocrx_word' id='word_1_18' title='bbox 642 595 800 669; x_wconf 90' lang='lat' dir='ltr'><strong>leuitatis,</strong></span> <span class='ocrx_word' id='word_1_19' title='bbox 817 595 852 659; x_wconf 95' lang='lat' dir='ltr'><strong>in</strong></span> <span class='ocrx_word' id='word_1_20' title='bbox 873 596 993 660; x_wconf 82' lang='lat' dir='ltr'>rubore</span> <span class='ocrx_word' id='word_1_21' title='bbox 1007 597 1229 677; x_wconf 82' lang='lat' dir='ltr'><strong>verecundiae,</strong></span> <span class='ocrx_word' id='word_1_22' title='bbox 1334 683 1337 687; x_wconf 15' lang='grc' dir='ltr'><strong>Δ</strong></span> 
     </span>
    </p>
   </div>
   <div class='ocr_carea' id='block_1_4' title="bbox 128 695 1305 884">
    <p class='ocr_par' dir='ltr' id='par_1_4' title="bbox 128 695 1305 884">
     <span class='ocr_line' id='line_1_4' title="bbox 128 695 1230 781; baseline 0.005 -21"><span class='ocrx_word' id='word_1_23' title='bbox 128 697 162 760; x_wconf 93' lang='lat' dir='ltr'><strong>iu</strong></span> <span class='ocrx_word' id='word_1_24' title='bbox 178 715 333 760; x_wconf 86' lang='lat' dir='ltr'><strong>sermone</strong></span> <span class='ocrx_word' id='word_1_25' title='bbox 347 695 505 779; x_wconf 87' lang='lat' dir='ltr'><strong>justitiae.</strong></span> <span class='ocrx_word' id='word_1_26' title='bbox 548 699 580 760; x_wconf 88' lang='grc'><strong>4.</strong></span> <span class='ocrx_word' id='word_1_27' title='bbox 605 696 693 775; x_wconf 86' lang='lat' dir='ltr'><strong>Quae</strong></span> <span class='ocrx_word' id='word_1_28' title='bbox 707 698 850 778; x_wconf 83' lang='lat' dir='ltr'><strong>singule,</strong></span> <span class='ocrx_word' id='word_1_29' title='bbox 866 705 904 763; x_wconf 92' lang='lat' dir='ltr'><strong>ut</strong></span> <span class='ocrx_word' id='word_1_30' title='bbox 920 706 1154 781; x_wconf 82' lang='lat' dir='ltr'>respectantes</span> <span class='ocrx_word' id='word_1_31' title='bbox 1170 701 1230 765; x_wconf 87' lang='lat' dir='ltr'><strong>ad·</strong></span> 
     </span>
     <span class='ocr_line' id='line_1_5' title="bbox 128 799 1305 884; baseline 0.005 -20"><span class='ocrx_word' id='word_1_32' title='bbox 128 803 307 876; x_wconf 80' lang='lat' dir='ltr'><strong>verterant,</strong></span> <span class='ocrx_word' id='word_1_33' title='bbox 321 799 450 864; x_wconf 88' lang='lat' dir='ltr'><strong>laetitiae</strong></span> <span class='ocrx_word' id='word_1_34' title='bbox 469 801 676 865; x_wconf 86' lang='lat' dir='ltr'><strong>clamoribus</strong></span> <span class='ocrx_word' id='word_1_35' title='bbox 692 802 930 884; x_wconf 87' lang='lat' dir='ltr'><strong>concinebant3</strong></span> <span class='ocrx_word' id='word_1_36' title='bbox 952 803 1052 866; x_wconf 86' lang='lat' dir='ltr'><strong>vobis</strong></span> <span class='ocrx_word' id='word_1_37' title='bbox 1069 822 1116 879; x_wconf 91' lang='lat' dir='ltr'><strong>se,</strong></span> <span class='ocrx_word' id='word_1_38' title='bbox 1130 806 1230 870; x_wconf 87' lang='lat' dir='ltr'><strong>vobis</strong></span> <span class='ocrx_word' id='word_1_39' title='bbox 1303 851 1305 858; x_wconf 84' lang='lat'><em>-</em></span> 
     </span>
    </p>
   </div>
   <div class='ocr_carea' id='block_1_5' title="bbox 128 902 1230 1069">
    <p class='ocr_par' dir='ltr' id='par_1_5' title="bbox 128 902 1230 1069">
     <span class='ocr_line' id='line_1_6' title="bbox 128 902 1230 990; baseline 0.005 -25"><span class='ocrx_word' id='word_1_40' title='bbox 128 902 253 966; x_wconf 89' lang='lat' dir='ltr'><strong>liberos</strong></span> <span class='ocrx_word' id='word_1_41' title='bbox 274 921 366 981; x_wconf 88' lang='lat' dir='ltr'><strong>suos,</strong></span> <span class='ocrx_word' id='word_1_42' title='bbox 381 903 504 967; x_wconf 87' lang='lat' dir='ltr'><strong>vestris</strong></span> <span class='ocrx_word' id='word_1_43' title='bbox 523 904 638 968; x_wconf 91' lang='lat' dir='ltr'><strong>liberis</strong></span> <span class='ocrx_word' id='word_1_44' title='bbox 654 911 768 969; x_wconf 88' lang='lat' dir='ltr'><strong>omnes</strong></span> <span class='ocrx_word' id='word_1_45' title='bbox 784 903 917 987; x_wconf 85' lang='lat' dir='ltr'><strong>generis</strong></span> <span class='ocrx_word' id='word_1_46' title='bbox 932 905 985 969; x_wconf 91' lang='lat' dir='ltr'><strong>sui</strong></span> <span class='ocrx_word' id='word_1_47' title='bbox 1001 911 1158 990; x_wconf 89' lang='lat' dir='ltr'><strong>posteros</strong></span> <span class='ocrx_word' id='word_1_48' title='bbox 1175 907 1230 971; x_wconf 91' lang='lat' dir='ltr'><strong>de·</strong></span> 
     </span>
     <span class='ocr_line' id='line_1_7' title="bbox 129 1004 353 1069; baseline -0.004 0"><span class='ocrx_word' id='word_1_49' title='bbox 129 1004 309 1069; x_wconf 79' lang='lat' dir='ltr'><strong>vovebant.</strong></span> <span class='ocrx_word' id='word_1_50' title='bbox 351 1005 353 1009; x_wconf 78' lang='grc'>’</span> 
     </span>
    </p>
   </div>
   <div class='ocr_carea' id='block_1_6' title="bbox 129 1106 1289 2527">
    <p class='ocr_par' dir='ltr' id='par_1_6' title="bbox 129 1106 1289 2527">
     <span class='ocr_line' id='line_1_8' title="bbox 173 1106 1232 1196; baseline 0.003 -24"><span class='ocrx_word' id='word_1_51' title='bbox 173 1106 264 1172; x_wconf 75' lang='lat' dir='ltr'><strong>Gne.</strong></span> <span class='ocrx_word' id='word_1_52' title='bbox 289 1123 361 1171; x_wconf 89' lang='lat' dir='ltr'><strong>xx.</strong></span> <span class='ocrx_word' id='word_1_53' title='bbox 389 1107 422 1171; x_wconf 89' lang='lat'><strong>1.</strong></span> <span class='ocrx_word' id='word_1_54' title='bbox 445 1107 519 1173; x_wconf 91' lang='lat' dir='ltr'><strong>Nos</strong></span> <span class='ocrx_word' id='word_1_55' title='bbox 534 1110 669 1194; x_wconf 90' lang='lat' dir='ltr'><strong>quidem</strong></span> <span class='ocrx_word' id='word_1_56' title='bbox 686 1116 784 1184; x_wconf 88' lang='lat' dir='ltr'><strong>certe,</strong></span> <span class='ocrx_word' id='word_1_57' title='bbox 802 1130 823 1173; x_wconf 95' lang='lat' dir='ltr'><strong>o</strong></span> <span class='ocrx_word' id='word_1_58' title='bbox 840 1110 994 1196; x_wconf 89' lang='lat' dir='ltr'><strong>perpetui</strong></span> <span class='ocrx_word' id='word_1_59' title='bbox 1009 1107 1185 1195; x_wconf 64' lang='lat' dir='ltr'><strong>parentesi</strong></span> <span class='ocrx_word' id='word_1_60' title='bbox 1200 1117 1232 1175; x_wconf 87' lang='lat' dir='ltr'><strong>et</strong></span> 
     </span>
     <span class='ocr_line' id='line_1_9' title="bbox 130 1209 1233 1292; baseline 0.005 -20"><span class='ocrx_word' id='word_1_61' title='bbox 130 1209 257 1273; x_wconf 92' lang='lat' dir='ltr'><strong>domiui</strong></span> <span class='ocrx_word' id='word_1_62' title='bbox 269 1211 394 1292; x_wconf 84' lang='lat' dir='ltr'><strong>generis</strong></span> <span class='ocrx_word' id='word_1_63' title='bbox 405 1212 553 1291; x_wconf 90' lang='lat' dir='ltr'><strong>hnmani,</strong></span> <span class='ocrx_word' id='word_1_64' title='bbox 567 1214 631 1278; x_wconf 91' lang='lat' dir='ltr'><strong>hoo</strong></span> <span class='ocrx_word' id='word_1_65' title='bbox 644 1233 666 1277; x_wconf 87' lang='lat' dir='ltr'><strong>a</strong></span> <span class='ocrx_word' id='word_1_66' title='bbox 681 1214 759 1277; x_wconf 90' lang='lat' dir='ltr'><strong>Diis</strong></span> <span class='ocrx_word' id='word_1_67' title='bbox 774 1213 1018 1278; x_wconf 82' lang='lat' dir='ltr'><strong>immortalibus</strong></span> <span class='ocrx_word' id='word_1_68' title='bbox 1032 1213 1122 1277; x_wconf 93' lang='lat' dir='ltr'><strong>omni</strong></span> <span class='ocrx_word' id='word_1_69' title='bbox 1135 1219 1233 1277; x_wconf 88' lang='lat' dir='ltr'><strong>voto·</strong></span> 
     </span>
     <span class='ocr_line' id='line_1_10' title="bbox 130 1314 1233 1399; baseline 0.003 -24"><span class='ocrx_word' id='word_1_70' title='bbox 130 1331 204 1376; x_wconf 89' lang='lat' dir='ltr'><strong>rum</strong></span> <span class='ocrx_word' id='word_1_71' title='bbox 218 1315 469 1397; x_wconf 81' lang='lat' dir='ltr'>nuncupatione</span> <span class='ocrx_word' id='word_1_72' title='bbox 485 1314 711 1397; x_wconf 85' lang='lat' dir='ltr'><strong>deposcimus,</strong></span> <span class='ocrx_word' id='word_1_73' title='bbox 723 1325 761 1379; x_wconf 92' lang='lat' dir='ltr'><strong>ut</strong></span> <span class='ocrx_word' id='word_1_74' title='bbox 775 1315 883 1390; x_wconf 86' lang='lat' dir='ltr'><strong>liberi,</strong></span> <span class='ocrx_word' id='word_1_75' title='bbox 896 1322 1103 1399; x_wconf 88' lang='lat' dir='ltr'>nepotesque</span> <span class='ocrx_word' id='word_1_76' title='bbox 1116 1317 1233 1392; x_wconf 86' lang='lat' dir='ltr'><strong>nostri,</strong></span> 
     </span>
     <span class='ocr_line' id='line_1_11' title="bbox 132 1416 1232 1502; baseline 0.004 -24"><span class='ocrx_word' id='word_1_77' title='bbox 132 1423 166 1478; x_wconf 91' lang='lat' dir='ltr'><strong>et</strong></span> <span class='ocrx_word' id='word_1_78' title='bbox 181 1416 212 1479; x_wconf 88' lang='lat' dir='ltr'><strong>si</strong></span> <span class='ocrx_word' id='word_1_79' title='bbox 228 1435 295 1499; x_wconf 84' lang='lat' dir='ltr'><strong>qua</strong></span> <span class='ocrx_word' id='word_1_80' title='bbox 309 1417 465 1481; x_wconf 91' lang='lat' dir='ltr'><strong>omnibus</strong></span> <span class='ocrx_word' id='word_1_81' title='bbox 480 1419 616 1484; x_wconf 86' lang='lat' dir='ltr'><strong>saeculis</strong></span> <span class='ocrx_word' id='word_1_82' title='bbox 631 1418 695 1484; x_wconf 91' lang='lat' dir='ltr'><strong>erit</strong></span> <span class='ocrx_word' id='word_1_83' title='bbox 710 1417 869 1483; x_wconf 85' lang='lat' dir='ltr'><strong>duratura</strong></span> <span class='ocrx_word' id='word_1_84' title='bbox 882 1418 1072 1502; x_wconf 85' lang='lat' dir='ltr'><strong>progenies,</strong></span> <span class='ocrx_word' id='word_1_85' title='bbox 1088 1424 1159 1484; x_wconf 93' lang='lat' dir='ltr'><strong>tum</strong></span> <span class='ocrx_word' id='word_1_86' title='bbox 1173 1438 1232 1482; x_wconf 86' lang='lat' dir='ltr'><strong>vo·</strong></span> 
     </span>
     <span class='ocr_line' id='line_1_12' title="bbox 131 1518 1233 1604; baseline 0.004 -24"><span class='ocrx_word' id='word_1_87' title='bbox 131 1518 195 1595; x_wconf 88' lang='lat' dir='ltr'><strong>bis,</strong></span> <span class='ocrx_word' id='word_1_88' title='bbox 207 1523 282 1582; x_wconf 86' lang='lat' dir='ltr'><strong>tum</strong></span> <span class='ocrx_word' id='word_1_89' title='bbox 303 1520 406 1584; x_wconf 89' lang='lat' dir='ltr'><strong>etiam</strong></span> <span class='ocrx_word' id='word_1_90' title='bbox 428 1521 483 1598; x_wconf 92' lang='lat' dir='ltr'><strong>iis,</strong></span> <span class='ocrx_word' id='word_1_91' title='bbox 499 1540 584 1603; x_wconf 90' lang='lat' dir='ltr'><strong>quos</strong></span> <span class='ocrx_word' id='word_1_92' title='bbox 607 1520 772 1596; x_wconf 86' lang='lat' dir='ltr'><strong>educatis,</strong></span> <span class='ocrx_word' id='word_1_93' title='bbox 794 1526 897 1604; x_wconf 90' lang='lat' dir='ltr'><strong>atque</strong></span> <span class='ocrx_word' id='word_1_94' title='bbox 919 1521 1120 1598; x_wconf 90' lang='lat' dir='ltr'><strong>educabitis,</strong></span> <span class='ocrx_word' id='word_1_95' title='bbox 1139 1520 1233 1584; x_wconf 84' lang='lat' dir='ltr'><strong>dedi·</strong></span> 
     </span>
     <span class='ocr_line' id='line_1_13' title="bbox 129 1619 1233 1707; baseline 0.004 -25"><span class='ocrx_word' id='word_1_96' title='bbox 129 1625 256 1683; x_wconf 86' lang='lat' dir='ltr'><strong>centur.</strong></span> <span class='ocrx_word' id='word_1_97' title='bbox 301 1619 394 1698; x_wconf 82' lang='lat' dir='ltr'><strong>Quid</strong></span> <span class='ocrx_word' id='word_1_98' title='bbox 416 1622 505 1685; x_wconf 90' lang='lat' dir='ltr'><strong>enim</strong></span> <span class='ocrx_word' id='word_1_99' title='bbox 525 1624 642 1687; x_wconf 91' lang='lat' dir='ltr'><strong>meiius</strong></span> <span class='ocrx_word' id='word_1_100' title='bbox 664 1623 812 1706; x_wconf 87' lang='lat' dir='ltr'><strong>posteris</strong></span> <span class='ocrx_word' id='word_1_101' title='bbox 832 1624 955 1687; x_wconf 90' lang='lat' dir='ltr'><strong>nostris</strong></span> <span class='ocrx_word' id='word_1_102' title='bbox 975 1630 1091 1707; x_wconf 85' lang='lat' dir='ltr'><strong>optare</strong></span> <span class='ocrx_word' id='word_1_103' title='bbox 1110 1643 1233 1705; x_wconf 89' lang='lat' dir='ltr'><strong>possu·</strong></span> 
     </span>
     <span class='ocr_line' id='line_1_14' title="bbox 132 1725 1234 1809; baseline 0.004 -23"><span class='ocrx_word' id='word_1_104' title='bbox 132 1742 221 1800; x_wconf 89' lang='lat' dir='ltr'><strong>mus,</strong></span> <span class='ocrx_word' id='word_1_105' title='bbox 233 1742 331 1806; x_wconf 89' lang='lat' dir='ltr'><strong>quam</strong></span> <span class='ocrx_word' id='word_1_106' title='bbox 343 1743 411 1806; x_wconf 92' lang='lat' dir='ltr'><strong>quo</strong></span> <span class='ocrx_word' id='word_1_107' title='bbox 423 1725 563 1788; x_wconf 83' lang='lat' dir='ltr'><strong>fruimur</strong></span> <span class='ocrx_word' id='word_1_108' title='bbox 573 1726 662 1809; x_wconf 78' lang='lat' dir='ltr'><strong>ipsit</strong></span> <span class='ocrx_word' id='word_1_109' title='bbox 698 1727 731 1790; x_wconf 76' lang='lat'><strong>2.</strong></span> <span class='ocrx_word' id='word_1_110' title='bbox 747 1725 854 1790; x_wconf 86' lang='lat' dir='ltr'><strong>Tenet</strong></span> <span class='ocrx_word' id='word_1_111' title='bbox 865 1745 931 1790; x_wconf 90' lang='lat' dir='ltr'><strong>uuo</strong></span> <span class='ocrx_word' id='word_1_112' title='bbox 945 1727 1042 1808; x_wconf 83' lang='lat' dir='ltr'><strong>pacis</strong></span> <span class='ocrx_word' id='word_1_113' title='bbox 1055 1727 1234 1809; x_wconf 72' lang='lat' dir='ltr'><strong>amplexor</strong></span> 
     </span>
     <span class='ocr_line' id='line_1_15' title="bbox 132 1823 1234 1911; baseline 0.005 -24"><span class='ocrx_word' id='word_1_114' title='bbox 132 1823 290 1889; x_wconf 85' lang='lat' dir='ltr'><strong>Romana</strong></span> <span class='ocrx_word' id='word_1_115' title='bbox 308 1825 509 1908; x_wconf 85' lang='lat' dir='ltr'><strong>respublica,</strong></span> <span class='ocrx_word' id='word_1_116' title='bbox 524 1827 685 1910; x_wconf 92' lang='lat' dir='ltr'><strong>quicquid</strong></span> <span class='ocrx_word' id='word_1_117' title='bbox 703 1827 805 1891; x_wconf 83' lang='lat' dir='ltr'><strong>variis</strong></span> <span class='ocrx_word' id='word_1_118' title='bbox 822 1834 1008 1911; x_wconf 90' lang='lat' dir='ltr'><strong>temporum</strong></span> <span class='ocrx_word' id='word_1_119' title='bbox 1021 1828 1155 1892; x_wconf 88' lang='lat' dir='ltr'><strong>vicibus</strong></span> <span class='ocrx_word' id='word_1_120' title='bbox 1169 1829 1234 1893; x_wconf 85' lang='lat' dir='ltr'><strong>fuit</strong></span> 
     </span>
     <span class='ocr_line' id='line_1_16' title="bbox 133 1927 1289 2014; baseline 0.004 -24"><span class='ocrx_word' id='word_1_121' title='bbox 133 1927 314 2010; x_wconf 85' lang='lat' dir='ltr'><strong>aliquando</strong></span> <span class='ocrx_word' id='word_1_122' title='bbox 329 1928 543 2009; x_wconf 86' lang='lat' dir='ltr'><strong>Romanum3</strong></span> <span class='ocrx_word' id='word_1_123' title='bbox 567 1936 601 1993; x_wconf 93' lang='lat' dir='ltr'><strong>et</strong></span> <span class='ocrx_word' id='word_1_124' title='bbox 616 1930 687 2008; x_wconf 88' lang='lat' dir='ltr'><strong>illa,</strong></span> <span class='ocrx_word' id='word_1_125' title='bbox 703 1949 781 2014; x_wconf 88' lang='lat' dir='ltr'><strong>quae</strong></span> <span class='ocrx_word' id='word_1_126' title='bbox 797 1950 890 2013; x_wconf 88' lang='lat' dir='ltr'><strong>saepe</strong></span> <span class='ocrx_word' id='word_1_127' title='bbox 903 1930 1008 1994; x_wconf 90' lang='lat' dir='ltr'><strong>veluti</strong></span> <span class='ocrx_word' id='word_1_128' title='bbox 1023 1931 1126 1996; x_wconf 92' lang='lat' dir='ltr'><strong>nimia</strong></span> <span class='ocrx_word' id='word_1_129' title='bbox 1145 1932 1233 1995; x_wconf 85' lang='lat' dir='ltr'><strong>mole</strong></span> <span class='ocrx_word' id='word_1_130' title='bbox 1287 1936 1289 1939; x_wconf 81' lang='grc'><strong>’</strong></span> 
     </span>
     <span class='ocr_line' id='line_1_17' title="bbox 134 2029 1234 2117; baseline 0.004 -25"><span class='ocrx_word' id='word_1_131' title='bbox 134 2029 332 2105; x_wconf 86' lang='lat' dir='ltr'><strong>defluxerat,</strong></span> <span class='ocrx_word' id='word_1_132' title='bbox 342 2032 546 2114; x_wconf 85' lang='lat' dir='ltr'><strong>magnitudo,</strong></span> <span class='ocrx_word' id='word_1_133' title='bbox 558 2032 690 2096; x_wconf 86' lang='lat' dir='ltr'><strong>tandem</strong></span> <span class='ocrx_word' id='word_1_134' title='bbox 707 2031 816 2097; x_wconf 89' lang='lat' dir='ltr'><strong>solido</strong></span> <span class='ocrx_word' id='word_1_135' title='bbox 833 2032 973 2097; x_wconf 86' lang='lat' dir='ltr'><strong>cohaesit</strong></span> <span class='ocrx_word' id='word_1_136' title='bbox 987 2032 1156 2117; x_wconf 65' lang='lat' dir='ltr'><strong>imperior</strong></span> <span class='ocrx_word' id='word_1_137' title='bbox 1200 2033 1234 2098; x_wconf 84' lang='lat'><strong>3.</strong></span> 
     </span>
     <span class='ocr_line' id='line_1_18' title="bbox 133 2130 1233 2219; baseline 0.005 -23"><span class='ocrx_word' id='word_1_138' title='bbox 133 2130 230 2197; x_wconf 91' lang='lat' dir='ltr'><strong>Nihil</strong></span> <span class='ocrx_word' id='word_1_139' title='bbox 248 2154 292 2198; x_wconf 86' lang='lat' dir='ltr'><strong>ex</strong></span> <span class='ocrx_word' id='word_1_140' title='bbox 312 2134 404 2198; x_wconf 92' lang='lat' dir='ltr'><strong>omni</strong></span> <span class='ocrx_word' id='word_1_141' title='bbox 417 2138 576 2198; x_wconf 90' lang='lat' dir='ltr'><strong>terrarum</strong></span> <span class='ocrx_word' id='word_1_142' title='bbox 591 2134 736 2218; x_wconf 89' lang='lat' dir='ltr'><strong>coelique</strong></span> <span class='ocrx_word' id='word_1_143' title='bbox 751 2135 884 2216; x_wconf 83' lang='lat' dir='ltr'><strong>regione</strong></span> <span class='ocrx_word' id='word_1_144' title='bbox 899 2154 964 2198; x_wconf 91' lang='lat' dir='ltr'><strong>uon</strong></span> <span class='ocrx_word' id='word_1_145' title='bbox 981 2141 1041 2199; x_wconf 89' lang='lat' dir='ltr'><strong>aut</strong></span> <span class='ocrx_word' id='word_1_146' title='bbox 1056 2142 1145 2200; x_wconf 89' lang='lat' dir='ltr'><strong>metu</strong></span> <span class='ocrx_word' id='word_1_147' title='bbox 1161 2138 1233 2219; x_wconf 92' lang='lat' dir='ltr'><strong>qui·</strong></span> 
     </span>
     <span class='ocr_line' id='line_1_19' title="bbox 132 2235 1236 2320; baseline 0.005 -23"><span class='ocrx_word' id='word_1_148' title='bbox 132 2241 221 2298; x_wconf 91' lang='lat' dir='ltr'><strong>etum</strong></span> <span class='ocrx_word' id='word_1_149' title='bbox 246 2242 383 2314; x_wconf 73' lang='lat' dir='ltr'><strong>estant</strong></span> <span class='ocrx_word' id='word_1_150' title='bbox 403 2238 503 2300; x_wconf 91' lang='lat' dir='ltr'><strong>armis</strong></span> <span class='ocrx_word' id='word_1_151' title='bbox 525 2235 701 2314; x_wconf 89' lang='lat' dir='ltr'><strong>domitum,</strong></span> <span class='ocrx_word' id='word_1_152' title='bbox 717 2244 775 2301; x_wconf 88' lang='lat' dir='ltr'><strong>aut</strong></span> <span class='ocrx_word' id='word_1_153' title='bbox 794 2237 922 2320; x_wconf 91' lang='lat' dir='ltr'><strong>pietate</strong></span> <span class='ocrx_word' id='word_1_154' title='bbox 942 2236 1145 2301; x_wconf 89' lang='lat' dir='ltr'><strong>devinctum.</strong></span> <span class='ocrx_word' id='word_1_155' title='bbox 1190 2237 1236 2302; x_wconf 88' lang='lat' dir='ltr'><strong>Et</strong></span> 
     </span>
     <span class='ocr_line' id='line_1_20' title="bbox 134 2338 1232 2423; baseline 0.004 -23"><span class='ocrx_word' id='word_1_156' title='bbox 134 2358 178 2400; x_wconf 85' lang='lat' dir='ltr'><strong>ex</strong></span> <span class='ocrx_word' id='word_1_157' title='bbox 203 2338 280 2402; x_wconf 86' lang='lat' dir='ltr'><strong>aliis</strong></span> <span class='ocrx_word' id='word_1_158' title='bbox 301 2338 437 2423; x_wconf 92' lang='lat' dir='ltr'><strong>quidem</strong></span> <span class='ocrx_word' id='word_1_159' title='bbox 459 2338 612 2420; x_wconf 85' lang='lat' dir='ltr'><strong>partibus</strong></span> <span class='ocrx_word' id='word_1_160' title='bbox 633 2339 748 2422; x_wconf 89' lang='lat' dir='ltr'><strong>aliqua</strong></span> <span class='ocrx_word' id='word_1_161' title='bbox 768 2343 908 2415; x_wconf 88' lang='lat' dir='ltr'><strong>restant,</strong></span> <span class='ocrx_word' id='word_1_162' title='bbox 925 2359 1013 2423; x_wconf 87' lang='lat' dir='ltr'><strong>quae,</strong></span> <span class='ocrx_word' id='word_1_163' title='bbox 1029 2339 1059 2403; x_wconf 95' lang='lat' dir='ltr'><strong>si</strong></span> <span class='ocrx_word' id='word_1_164' title='bbox 1074 2340 1232 2404; x_wconf 88' lang='lat' dir='ltr'><strong>voluntas</strong></span> 
     </span>
     <span class='ocr_line' id='line_1_21' title="bbox 132 2441 1230 2527; baseline 0.003 -23"><span class='ocrx_word' id='word_1_165' title='bbox 132 2441 186 2504; x_wconf 82' lang='lat' dir='ltr'><strong>vel</strong></span> <span class='ocrx_word' id='word_1_166' title='bbox 207 2441 293 2504; x_wconf 89' lang='lat' dir='ltr'><strong>ratio</strong></span> <span class='ocrx_word' id='word_1_167' title='bbox 314 2461 421 2504; x_wconf 88' lang='lat' dir='ltr'><strong>rerum</strong></span> <span class='ocrx_word' id='word_1_168' title='bbox 442 2441 639 2519; x_wconf 89' lang='lat' dir='ltr'><strong>desiderent,</strong></span> <span class='ocrx_word' id='word_1_169' title='bbox 660 2442 803 2526; x_wconf 89' lang='lat' dir='ltr'><strong>possitis</strong></span> <span class='ocrx_word' id='word_1_170' title='bbox 827 2443 1016 2527; x_wconf 88' lang='lat' dir='ltr'><strong>acquirere:</strong></span> <span class='ocrx_word' id='word_1_171' title='bbox 1038 2442 1125 2507; x_wconf 89' lang='lat' dir='ltr'><strong>ultra</strong></span> <span class='ocrx_word' id='word_1_172' title='bbox 1147 2442 1230 2507; x_wconf 90' lang='lat' dir='ltr'><strong>Oce·</strong></span> 
     </span>
    </p>
   </div>
   <div class='ocr_carea' id='block_1_7' title="bbox 164 2625 404 2689">
    <p class='ocr_par' dir='ltr' id='par_1_7' title="bbox 164 2625 404 2689">
     <span class='ocr_line' id='line_1_22' title="bbox 164 2625 404 2689; baseline 0.008 -17"><span class='ocrx_word' id='word_1_173' title='bbox 164 2635 179 2668; x_wconf 72' lang='lat'><em>8</em></span> <span class='ocrx_word' id='word_1_174' title='bbox 198 2625 228 2673; x_wconf 80' lang='lat' dir='ltr'><strong>ln</strong></span> <span class='ocrx_word' id='word_1_175' title='bbox 238 2641 295 2689; x_wconf 80' lang='lat' dir='ltr'><strong>pace</strong></span> <span class='ocrx_word' id='word_1_176' title='bbox 306 2626 404 2675; x_wconf 84' lang='lat' dir='ltr'><strong>obtinet.</strong></span> 
     </span>
    </p>
   </div>
   <div class='ocr_carea' id='block_1_8' title="bbox 132 2689 1234 2819">
    <p class='ocr_par' dir='ltr' id='par_1_8' title="bbox 132 2689 1234 2819">
     <span class='ocr_line' id='line_1_23' title="bbox 166 2689 1234 2756; baseline 0.005 -17"><span class='ocrx_word' id='word_1_177' title='bbox 166 2689 179 2722; x_wconf 51' lang='grc' dir='ltr'><strong><em>ἢ</em></strong></span> <span class='ocrx_word' id='word_1_178' title='bbox 195 2692 232 2739; x_wconf 84' lang='lat' dir='ltr'><strong>Et</strong></span> <span class='ocrx_word' id='word_1_179' title='bbox 242 2692 370 2754; x_wconf 74' lang='lat' dir='ltr'><strong>amplitudo</strong></span> <span class='ocrx_word' id='word_1_180' title='bbox 388 2690 482 2753; x_wconf 79' lang='lat' dir='ltr'><strong>imperii</strong></span> <span class='ocrx_word' id='word_1_181' title='bbox 499 2705 545 2754; x_wconf 80' lang='lat' dir='ltr'><strong>quo</strong></span> <span class='ocrx_word' id='word_1_182' title='bbox 562 2689 612 2749; x_wconf 66' lang='lat' dir='ltr'><strong>rius</strong></span> <span class='ocrx_word' id='word_1_183' title='bbox 631 2691 712 2740; x_wconf 73' lang='lat' dir='ltr'><strong>nimico</strong></span> <span class='ocrx_word' id='word_1_184' title='bbox 726 2696 809 2756; x_wconf 83' lang='lat' dir='ltr'><strong>partes</strong></span> <span class='ocrx_word' id='word_1_185' title='bbox 826 2692 900 2741; x_wconf 82' lang='lat' dir='ltr'><strong>ueluti</strong></span> <span class='ocrx_word' id='word_1_186' title='bbox 917 2691 1078 2749; x_wconf 79' lang='lat' dir='ltr'><strong>elabebantur,</strong></span> <span class='ocrx_word' id='word_1_187' title='bbox 1096 2693 1190 2741; x_wconf 79' lang='lat' dir='ltr'><strong>tardem</strong></span> <span class='ocrx_word' id='word_1_188' title='bbox 1207 2692 1234 2745; x_wconf 79' lang='lat' dir='ltr'><strong>r&#39;tr</strong></span> 
     </span>
     <span class='ocr_line' id='line_1_24' title="bbox 132 2755 403 2819; baseline 0.007 -15"><span class='ocrx_word' id='word_1_189' title='bbox 132 2770 206 2806; x_wconf 73' lang='lat' dir='ltr'><strong>unum</strong></span> <span class='ocrx_word' id='word_1_190' title='bbox 216 2772 299 2819; x_wconf 84' lang='lat' dir='ltr'><strong>corpus</strong></span> <span class='ocrx_word' id='word_1_191' title='bbox 306 2755 403 2806; x_wconf 83' lang='lat' dir='ltr'><strong>coaluit.</strong></span> 
     </span>
    </p>
   </div>
   <div class='ocr_carea' id='block_1_9' title="bbox 129 2930 1237 3915">
    <p class='ocr_par' dir='ltr' id='par_1_9' title="bbox 134 2930 1236 3192">
     <span class='ocr_line' id='line_1_25' title="bbox 134 2930 1235 2995; baseline -0.001 -10"><span class='ocrx_word' id='word_1_192' title='bbox 134 2933 206 2985; x_wconf 86' lang='lat' dir='ltr'><strong>Gnd.</strong></span> <span class='ocrx_word' id='word_1_193' title='bbox 216 2939 239 2984; x_wconf 89' lang='lat'><strong>1.</strong></span> <span class='ocrx_word' id='word_1_194' title='bbox 251 2934 336 2983; x_wconf 89' lang='lat' dir='ltr'><strong>Rivin.</strong></span> <span class='ocrx_word' id='word_1_195' title='bbox 349 2940 375 2982; x_wconf 89' lang='lat' dir='ltr'><strong>et</strong></span> <span class='ocrx_word' id='word_1_196' title='bbox 386 2940 480 2982; x_wconf 63' lang='lat' dir='ltr'><strong>ceterae</strong></span> <span class='ocrx_word' id='word_1_197' title='bbox 493 2930 552 2980; x_wconf 88' lang='lat' dir='ltr'><strong>edd.</strong></span> <span class='ocrx_word' id='word_1_198' title='bbox 562 2933 750 2981; x_wconf 60' lang='lat' dir='ltr'><strong>celebratur-4</strong></span> <span class='ocrx_word' id='word_1_199' title='bbox 767 2931 833 2982; x_wconf 86' lang='lat' dir='ltr'><strong>Edd.</strong></span> <span class='ocrx_word' id='word_1_200' title='bbox 846 2939 910 2981; x_wconf 86' lang='lat' dir='ltr'><strong>vett.</strong></span> <span class='ocrx_word' id='word_1_201' title='bbox 920 2938 947 2981; x_wconf 87' lang='lat' dir='ltr'><strong>ut</strong></span> <span class='ocrx_word' id='word_1_202' title='bbox 957 2946 979 2981; x_wconf 88' lang='lat' dir='ltr'><strong>r.</strong></span> <span class='ocrx_word' id='word_1_203' title='bbox 991 2939 1137 2995; x_wconf 80' lang='lat' dir='ltr'><strong>agnoverunt</strong></span> <span class='ocrx_word' id='word_1_204' title='bbox 1148 2951 1158 2993; x_wconf 90' lang='lat'><em>;</em></span> <span class='ocrx_word' id='word_1_205' title='bbox 1170 2935 1235 2984; x_wconf 86' lang='lat' dir='ltr'><strong>Ber·</strong></span> 
     </span>
     <span class='ocr_line' id='line_1_26' title="bbox 134 2999 1233 3063; baseline 0.002 -15"><span class='ocrx_word' id='word_1_206' title='bbox 134 3003 181 3048; x_wconf 91' lang='lat' dir='ltr'><strong>tin.</strong></span> <span class='ocrx_word' id='word_1_207' title='bbox 209 3006 235 3047; x_wconf 83' lang='lat' dir='ltr'><strong>ut</strong></span> <span class='ocrx_word' id='word_1_208' title='bbox 256 3016 277 3046; x_wconf 87' lang='lat' dir='ltr'><strong>r.</strong></span> <span class='ocrx_word' id='word_1_209' title='bbox 296 3001 437 3048; x_wconf 79' lang='lat' dir='ltr'><strong>aduerterunt</strong></span> <span class='ocrx_word' id='word_1_210' title='bbox 446 3015 456 3056; x_wconf 94' lang='lat'><strong>,·</strong></span> <span class='ocrx_word' id='word_1_211' title='bbox 476 2999 561 3046; x_wconf 77' lang='lat' dir='ltr'><strong>Murri.</strong></span> <span class='ocrx_word' id='word_1_212' title='bbox 575 3006 601 3046; x_wconf 88' lang='lat' dir='ltr'><strong>et</strong></span> <span class='ocrx_word' id='word_1_213' title='bbox 615 2999 683 3046; x_wconf 88' lang='lat' dir='ltr'><strong>Gnd.</strong></span> <span class='ocrx_word' id='word_1_214' title='bbox 700 3003 724 3046; x_wconf 92' lang='lat' dir='ltr'><strong>l.</strong></span> <span class='ocrx_word' id='word_1_215' title='bbox 738 3003 762 3046; x_wconf 78' lang='lat'><strong>2.</strong></span> <span class='ocrx_word' id='word_1_216' title='bbox 788 3004 815 3047; x_wconf 86' lang='lat' dir='ltr'><strong>ut</strong></span> <span class='ocrx_word' id='word_1_217' title='bbox 832 3013 854 3046; x_wconf 83' lang='lat' dir='ltr'><strong>r.</strong></span> <span class='ocrx_word' id='word_1_218' title='bbox 870 3001 1029 3061; x_wconf 81' lang='lat' dir='ltr'><strong>aduerterunt,</strong></span> <span class='ocrx_word' id='word_1_219' title='bbox 1048 3001 1117 3062; x_wconf 87' lang='lat' dir='ltr'><strong>quod</strong></span> <span class='ocrx_word' id='word_1_220' title='bbox 1137 3002 1233 3063; x_wconf 81' lang='lat' dir='ltr'><strong>primns</strong></span> 
     </span>
     <span class='ocr_line' id='line_1_27' title="bbox 134 3063 1236 3129; baseline 0.002 -15"><span class='ocrx_word' id='word_1_221' title='bbox 134 3068 236 3127; x_wconf 83' lang='lat' dir='ltr'><strong>recepit</strong></span> <span class='ocrx_word' id='word_1_222' title='bbox 249 3063 340 3113; x_wconf 83' lang='lat' dir='ltr'><strong>Arntz.</strong></span> <span class='ocrx_word' id='word_1_223' title='bbox 374 3066 426 3114; x_wconf 89' lang='lat' dir='ltr'><strong>Pro</strong></span> <span class='ocrx_word' id='word_1_224' title='bbox 437 3078 525 3125; x_wconf 82' lang='lat' dir='ltr'><strong>omnes,</strong></span> <span class='ocrx_word' id='word_1_225' title='bbox 536 3064 623 3111; x_wconf 85' lang='lat' dir='ltr'><strong>Moerl.</strong></span> <span class='ocrx_word' id='word_1_226' title='bbox 639 3063 716 3112; x_wconf 87' lang='lat' dir='ltr'><strong>babet</strong></span> <span class='ocrx_word' id='word_1_227' title='bbox 728 3063 803 3112; x_wconf 82' lang='lat' dir='ltr'><strong>omnir</strong></span> <span class='ocrx_word' id='word_1_228' title='bbox 811 3081 820 3123; x_wconf 89' lang='lat'><em>;</em></span> <span class='ocrx_word' id='word_1_229' title='bbox 837 3065 898 3114; x_wconf 83' lang='lat' dir='ltr'><strong>Ver.</strong></span> <span class='ocrx_word' id='word_1_230' title='bbox 911 3065 994 3114; x_wconf 83' lang='lat' dir='ltr'><strong>Livin.</strong></span> <span class='ocrx_word' id='word_1_231' title='bbox 1008 3065 1113 3129; x_wconf 89' lang='lat' dir='ltr'><strong>Cuspin.</strong></span> <span class='ocrx_word' id='word_1_232' title='bbox 1125 3075 1153 3117; x_wconf 81' lang='lat' dir='ltr'><strong>et</strong></span> <span class='ocrx_word' id='word_1_233' title='bbox 1164 3067 1236 3118; x_wconf 85' lang='lat' dir='ltr'><strong>Gud.</strong></span> 
     </span>
     <span class='ocr_line' id='line_1_28' title="bbox 135 3128 801 3192; baseline -0.003 -12"><span class='ocrx_word' id='word_1_234' title='bbox 135 3135 159 3180; x_wconf 91' lang='lat' dir='ltr'><strong>l.</strong></span> <span class='ocrx_word' id='word_1_235' title='bbox 185 3130 299 3192; x_wconf 77' lang='lat' dir='ltr'><strong>omnibus,</strong></span> <span class='ocrx_word' id='word_1_236' title='bbox 308 3130 374 3192; x_wconf 88' lang='lat' dir='ltr'><strong>qood</strong></span> <span class='ocrx_word' id='word_1_237' title='bbox 387 3130 507 3192; x_wconf 84' lang='lat' dir='ltr'><strong>displicet</strong></span> <span class='ocrx_word' id='word_1_238' title='bbox 525 3129 638 3176; x_wconf 86' lang='lat' dir='ltr'><strong>Livineio</strong></span> <span class='ocrx_word' id='word_1_239' title='bbox 650 3137 677 3176; x_wconf 90' lang='lat' dir='ltr'><strong>et</strong></span> <span class='ocrx_word' id='word_1_240' title='bbox 687 3128 801 3190; x_wconf 82' lang='lat' dir='ltr'><strong>Jaegero.</strong></span> 
     </span>
    </p>

    <p class='ocr_par' dir='ltr' id='par_1_10' title="bbox 129 3193 1237 3915">
     <span class='ocr_line' id='line_1_29' title="bbox 168 3193 1236 3259; baseline 0.001 -15"><span class='ocrx_word' id='word_1_241' title='bbox 168 3197 235 3244; x_wconf 75' lang='lat' dir='ltr'><strong>CAP.</strong></span> <span class='ocrx_word' id='word_1_242' title='bbox 248 3207 298 3243; x_wconf 85' lang='lat' dir='ltr'><strong>xx.</strong></span> <span class='ocrx_word' id='word_1_243' title='bbox 316 3199 328 3242; x_wconf 93' lang='lat'>1</span> <span class='ocrx_word' id='word_1_244' title='bbox 343 3195 394 3243; x_wconf 82' lang='lat' dir='ltr'><strong>Nor</strong></span> <span class='ocrx_word' id='word_1_245' title='bbox 404 3211 427 3257; x_wconf 86' lang='lat' dir='ltr'><strong>q.</strong></span> <span class='ocrx_word' id='word_1_246' title='bbox 439 3200 502 3242; x_wconf 88' lang='lat' dir='ltr'><strong>certo</strong></span> <span class='ocrx_word' id='word_1_247' title='bbox 514 3193 598 3241; x_wconf 87' lang='lat' dir='ltr'><strong>Moerl.</strong></span> <span class='ocrx_word' id='word_1_248' title='bbox 611 3193 678 3241; x_wconf 88' lang='lat' dir='ltr'><strong>Gud.</strong></span> <span class='ocrx_word' id='word_1_249' title='bbox 694 3198 718 3241; x_wconf 79' lang='lat'><strong>2.</strong></span> <span class='ocrx_word' id='word_1_250' title='bbox 734 3193 841 3257; x_wconf 84' lang='lat' dir='ltr'><strong>Cuspin.</strong></span> <span class='ocrx_word' id='word_1_251' title='bbox 853 3193 958 3243; x_wconf 86' lang='lat' dir='ltr'><strong>Puteol.</strong></span> <span class='ocrx_word' id='word_1_252' title='bbox 972 3194 1086 3242; x_wconf 83' lang='lat' dir='ltr'><strong>Rhennn.</strong></span> <span class='ocrx_word' id='word_1_253' title='bbox 1097 3193 1132 3243; x_wconf 87' lang='grc' dir='ltr'><strong>Η.</strong></span> <span class='ocrx_word' id='word_1_254' title='bbox 1143 3195 1236 3259; x_wconf 85' lang='lat' dir='ltr'><strong>Steph.</strong></span> 
     </span>
     <span class='ocr_line' id='line_1_30' title="bbox 134 3257 1236 3322; baseline 0.003 -14"><span class='ocrx_word' id='word_1_255' title='bbox 134 3261 220 3310; x_wconf 81' lang='lat' dir='ltr'><strong>Rivin.</strong></span> <span class='ocrx_word' id='word_1_256' title='bbox 234 3264 257 3308; x_wconf 91' lang='lat'><strong>1.</strong></span> <span class='ocrx_word' id='word_1_257' title='bbox 287 3261 337 3308; x_wconf 85' lang='lat' dir='ltr'><strong>Nos</strong></span> <span class='ocrx_word' id='word_1_258' title='bbox 357 3277 380 3322; x_wconf 87' lang='lat' dir='ltr'><strong>q.</strong></span> <span class='ocrx_word' id='word_1_259' title='bbox 396 3265 460 3308; x_wconf 85' lang='lat' dir='ltr'><strong>certe</strong></span> <span class='ocrx_word' id='word_1_260' title='bbox 478 3259 545 3320; x_wconf 85' lang='lat' dir='ltr'><strong>conj.</strong></span> <span class='ocrx_word' id='word_1_261' title='bbox 563 3257 666 3306; x_wconf 76' lang='lat' dir='ltr'><strong>Aoidul.</strong></span> <span class='ocrx_word' id='word_1_262' title='bbox 684 3267 710 3306; x_wconf 87' lang='lat' dir='ltr'><strong>et</strong></span> <span class='ocrx_word' id='word_1_263' title='bbox 730 3259 790 3307; x_wconf 85' lang='lat' dir='ltr'><strong>edd.</strong></span> <span class='ocrx_word' id='word_1_264' title='bbox 809 3267 920 3306; x_wconf 76' lang='lat' dir='ltr'><strong>receuti.</strong></span> <span class='ocrx_word' id='word_1_265' title='bbox 944 3274 997 3306; x_wconf 88' lang='lat' dir='ltr'><strong>cum</strong></span> <span class='ocrx_word' id='word_1_266' title='bbox 1015 3260 1080 3308; x_wconf 72' lang='lat' dir='ltr'><strong>uobis</strong></span> <span class='ocrx_word' id='word_1_267' title='bbox 1097 3259 1156 3310; x_wconf 87' lang='lat' dir='ltr'><strong>edd.</strong></span> <span class='ocrx_word' id='word_1_268' title='bbox 1173 3270 1236 3311; x_wconf 85' lang='lat' dir='ltr'><strong>ente</strong></span> 
     </span>
     <span class='ocr_line' id='line_1_31' title="bbox 136 3322 1235 3391; baseline 0 -17"><span class='ocrx_word' id='word_1_269' title='bbox 136 3327 227 3374; x_wconf 80' lang='lat' dir='ltr'><strong>Arntz.</strong></span> <span class='ocrx_word' id='word_1_270' title='bbox 239 3325 283 3388; x_wconf 87' lang='lat' dir='ltr'><strong>qni</strong></span> <span class='ocrx_word' id='word_1_271' title='bbox 302 3339 315 3371; x_wconf 89' lang='lat' dir='ltr'><strong>e</strong></span> <span class='ocrx_word' id='word_1_272' title='bbox 327 3326 388 3373; x_wconf 85' lang='lat' dir='ltr'><strong>Vet.</strong></span> <span class='ocrx_word' id='word_1_273' title='bbox 407 3324 491 3372; x_wconf 88' lang='lat' dir='ltr'><strong>Lirin.</strong></span> <span class='ocrx_word' id='word_1_274' title='bbox 510 3324 610 3385; x_wconf 87' lang='lat' dir='ltr'><strong>recepit</strong></span> <span class='ocrx_word' id='word_1_275' title='bbox 627 3330 679 3371; x_wconf 86' lang='lat' dir='ltr'><strong>ium</strong></span> <span class='ocrx_word' id='word_1_276' title='bbox 694 3322 771 3373; x_wconf 81' lang='lat' dir='ltr'><strong>nobis.</strong></span> <span class='ocrx_word' id='word_1_277' title='bbox 798 3324 885 3373; x_wconf 86' lang='lat' dir='ltr'><strong>Moerl.</strong></span> <span class='ocrx_word' id='word_1_278' title='bbox 898 3332 924 3372; x_wconf 89' lang='lat' dir='ltr'><strong>et</strong></span> <span class='ocrx_word' id='word_1_279' title='bbox 936 3323 1005 3372; x_wconf 85' lang='lat' dir='ltr'><strong>Gud.</strong></span> <span class='ocrx_word' id='word_1_280' title='bbox 1016 3329 1041 3372; x_wconf 81' lang='lat'><strong>2.</strong></span> <span class='ocrx_word' id='word_1_281' title='bbox 1052 3328 1184 3391; x_wconf 75' lang='lat' dir='ltr'><strong>tumetium</strong></span> <span class='ocrx_word' id='word_1_282' title='bbox 1195 3328 1235 3382; x_wconf 79' lang='lat' dir='ltr'><strong>iis.</strong></span> 
     </span>
     <span class='ocr_line' id='line_1_32' title="bbox 134 3387 1236 3455; baseline 0.002 -16"><span class='ocrx_word' id='word_1_283' title='bbox 134 3392 204 3455; x_wconf 90' lang='lat' dir='ltr'><strong>quod</strong></span> <span class='ocrx_word' id='word_1_284' title='bbox 222 3391 319 3452; x_wconf 86' lang='lat' dir='ltr'><strong>primns</strong></span> <span class='ocrx_word' id='word_1_285' title='bbox 337 3391 361 3437; x_wconf 93' lang='lat' dir='ltr'><strong>in</strong></span> <span class='ocrx_word' id='word_1_286' title='bbox 380 3396 531 3438; x_wconf 86' lang='lat' dir='ltr'><strong>contextum</strong></span> <span class='ocrx_word' id='word_1_287' title='bbox 552 3389 653 3448; x_wconf 90' lang='lat' dir='ltr'><strong>recepit</strong></span> <span class='ocrx_word' id='word_1_288' title='bbox 669 3388 802 3450; x_wconf 79' lang='lat' dir='ltr'><strong>Jaeperur3</strong></span> <span class='ocrx_word' id='word_1_289' title='bbox 823 3394 874 3437; x_wconf 82' lang='lat' dir='ltr'><strong>tum</strong></span> <span class='ocrx_word' id='word_1_290' title='bbox 886 3404 907 3437; x_wconf 83' lang='lat' dir='ltr'><strong>e.</strong></span> <span class='ocrx_word' id='word_1_291' title='bbox 923 3387 962 3436; x_wconf 76' lang='lat' dir='ltr'><strong>tn</strong></span> <span class='ocrx_word' id='word_1_292' title='bbox 977 3389 1034 3438; x_wconf 77' lang='lat' dir='ltr'><strong>aliae</strong></span> <span class='ocrx_word' id='word_1_293' title='bbox 1049 3390 1108 3438; x_wconf 87' lang='lat' dir='ltr'><strong>edd.</strong></span> <span class='ocrx_word' id='word_1_294' title='bbox 1133 3393 1236 3453; x_wconf 76' lang='lat' dir='ltr'><strong>porteris</strong></span> 
     </span>
     <span class='ocr_line' id='line_1_33' title="bbox 133 3452 1236 3520; baseline 0 -14"><span class='ocrx_word' id='word_1_295' title='bbox 133 3457 221 3506; x_wconf 71' lang='lat' dir='ltr'><strong>courir</strong></span> <span class='ocrx_word' id='word_1_296' title='bbox 232 3457 274 3504; x_wconf 86' lang='lat' dir='ltr'><strong>ed.</strong></span> <span class='ocrx_word' id='word_1_297' title='bbox 285 3454 369 3504; x_wconf 81' lang='lat' dir='ltr'><strong>Lirin.</strong></span> <span class='ocrx_word' id='word_1_298' title='bbox 394 3456 496 3518; x_wconf 77' lang='lat' dir='ltr'><strong>posteris</strong></span> <span class='ocrx_word' id='word_1_299' title='bbox 508 3454 598 3503; x_wconf 76' lang='lat' dir='ltr'><strong>nostrie</strong></span> <span class='ocrx_word' id='word_1_300' title='bbox 609 3455 669 3502; x_wconf 89' lang='lat' dir='ltr'><strong>Vet.</strong></span> <span class='ocrx_word' id='word_1_301' title='bbox 682 3453 763 3502; x_wconf 85' lang='lat' dir='ltr'><strong>Lirin.</strong></span> <span class='ocrx_word' id='word_1_302' title='bbox 779 3453 887 3515; x_wconf 80' lang='lat' dir='ltr'><strong>Cuspio.</strong></span> <span class='ocrx_word' id='word_1_303' title='bbox 904 3452 1020 3502; x_wconf 85' lang='lat' dir='ltr'><strong>Rbennu.</strong></span> <span class='ocrx_word' id='word_1_304' title='bbox 1038 3454 1131 3518; x_wconf 90' lang='lat' dir='ltr'><strong>reliqui</strong></span> <span class='ocrx_word' id='word_1_305' title='bbox 1143 3458 1236 3520; x_wconf 87' lang='lat' dir='ltr'><strong>scripti</strong></span> 
     </span>
     <span class='ocr_line' id='line_1_34' title="bbox 135 3517 1236 3583; baseline 0.001 -15"><span class='ocrx_word' id='word_1_306' title='bbox 135 3531 163 3572; x_wconf 80' lang='lat' dir='ltr'><strong>et</strong></span> <span class='ocrx_word' id='word_1_307' title='bbox 175 3522 249 3583; x_wconf 87' lang='lat' dir='ltr'><strong>editi,</strong></span> <span class='ocrx_word' id='word_1_308' title='bbox 262 3521 387 3582; x_wconf 79' lang='lat' dir='ltr'><strong>probante</strong></span> <span class='ocrx_word' id='word_1_309' title='bbox 399 3520 513 3580; x_wconf 76' lang='lat' dir='ltr'><strong>Jaepero.</strong></span> <span class='ocrx_word' id='word_1_310' title='bbox 538 3519 653 3580; x_wconf 69' lang='lat' dir='ltr'><strong>pernimiae</strong></span> <span class='ocrx_word' id='word_1_311' title='bbox 665 3519 771 3582; x_wconf 81' lang='lat' dir='ltr'><strong>Cuspio.</strong></span> <span class='ocrx_word' id='word_1_312' title='bbox 788 3519 905 3567; x_wconf 70' lang='lat' dir='ltr'><strong>rhenan.</strong></span> <span class='ocrx_word' id='word_1_313' title='bbox 921 3517 957 3567; x_wconf 89' lang='lat' dir='ltr'><strong>H.</strong></span> <span class='ocrx_word' id='word_1_314' title='bbox 969 3520 1060 3583; x_wconf 81' lang='lat' dir='ltr'><strong>steph.</strong></span> <span class='ocrx_word' id='word_1_315' title='bbox 1072 3529 1099 3567; x_wconf 83' lang='lat' dir='ltr'><strong>et</strong></span> <span class='ocrx_word' id='word_1_316' title='bbox 1114 3521 1236 3571; x_wconf 83' lang='lat' dir='ltr'><strong>Rivin.-</strong></span> 
     </span>
     <span class='ocr_line' id='line_1_35' title="bbox 134 3582 1237 3648; baseline -0.003 -12"><span class='ocrx_word' id='word_1_317' title='bbox 134 3591 151 3636; x_wconf 75' lang='lat'>2</span> <span class='ocrx_word' id='word_1_318' title='bbox 170 3587 259 3636; x_wconf 76' lang='lat' dir='ltr'><strong>Tenent</strong></span> <span class='ocrx_word' id='word_1_319' title='bbox 277 3585 388 3648; x_wconf 85' lang='lat' dir='ltr'><strong>Guolpb.</strong></span> <span class='ocrx_word' id='word_1_320' title='bbox 414 3585 562 3648; x_wconf 73' lang='lat' dir='ltr'><strong>defluxerunt</strong></span> <span class='ocrx_word' id='word_1_321' title='bbox 581 3584 698 3633; x_wconf 85' lang='lat' dir='ltr'><strong>Rhenun.</strong></span> <span class='ocrx_word' id='word_1_322' title='bbox 719 3585 753 3632; x_wconf 92' lang='grc' dir='ltr'><strong>Η.</strong></span> <span class='ocrx_word' id='word_1_323' title='bbox 769 3583 859 3646; x_wconf 88' lang='lat' dir='ltr'><strong>Steplr.</strong></span> <span class='ocrx_word' id='word_1_324' title='bbox 878 3590 905 3631; x_wconf 87' lang='lat' dir='ltr'><strong>et</strong></span> <span class='ocrx_word' id='word_1_325' title='bbox 916 3582 1004 3633; x_wconf 83' lang='lat' dir='ltr'><strong>Rivin.</strong></span> <span class='ocrx_word' id='word_1_326' title='bbox 1029 3583 1237 3648; x_wconf 80' lang='lat' dir='ltr'><strong>defluxerntVet.</strong></span> 
     </span>
     <span class='ocr_line' id='line_1_36' title="bbox 134 3648 1236 3713; baseline 0 -13"><span class='ocrx_word' id='word_1_327' title='bbox 134 3651 250 3700; x_wconf 84' lang='lat' dir='ltr'><strong>Putean.</strong></span> <span class='ocrx_word' id='word_1_328' title='bbox 271 3650 384 3713; x_wconf 84' lang='lat' dir='ltr'><strong>Gnelpb.</strong></span> <span class='ocrx_word' id='word_1_329' title='bbox 402 3657 429 3697; x_wconf 90' lang='lat' dir='ltr'><strong>et</strong></span> <span class='ocrx_word' id='word_1_330' title='bbox 447 3649 507 3697; x_wconf 88' lang='lat' dir='ltr'><strong>edd.</strong></span> <span class='ocrx_word' id='word_1_331' title='bbox 526 3657 638 3698; x_wconf 80' lang='lat' dir='ltr'><strong>recenti.</strong></span> <span class='ocrx_word' id='word_1_332' title='bbox 664 3649 799 3713; x_wconf 78' lang='lat' dir='ltr'><strong>defluxerat</strong></span> <span class='ocrx_word' id='word_1_333' title='bbox 813 3650 950 3711; x_wconf 79' lang='lat' dir='ltr'><strong>magnitudo</strong></span> <span class='ocrx_word' id='word_1_334' title='bbox 962 3648 1030 3710; x_wconf 85' lang='lat' dir='ltr'><strong>conj·</strong></span> <span class='ocrx_word' id='word_1_335' title='bbox 1042 3651 1158 3700; x_wconf 82' lang='lat' dir='ltr'><strong>Rheurn.</strong></span> <span class='ocrx_word' id='word_1_336' title='bbox 1186 3651 1236 3710; x_wconf 77' lang='lat' dir='ltr'><strong>dis·</strong></span> 
     </span>
     <span class='ocr_line' id='line_1_37' title="bbox 129 3713 1236 3780; baseline -0.002 -14"><span class='ocrx_word' id='word_1_337' title='bbox 129 3716 241 3780; x_wconf 78' lang='lat' dir='ltr'><strong>fluxerat</strong></span> <span class='ocrx_word' id='word_1_338' title='bbox 256 3716 326 3777; x_wconf 83' lang='lat' dir='ltr'><strong>conj.</strong></span> <span class='ocrx_word' id='word_1_339' title='bbox 348 3714 498 3763; x_wconf 68' lang='lat' dir='ltr'><strong>boldai—3</strong></span> <span class='ocrx_word' id='word_1_340' title='bbox 517 3715 552 3761; x_wconf 85' lang='lat' dir='ltr'><strong>Et</strong></span> <span class='ocrx_word' id='word_1_341' title='bbox 571 3727 601 3760; x_wconf 81' lang='lat' dir='ltr'><strong>ex</strong></span> <span class='ocrx_word' id='word_1_342' title='bbox 617 3714 656 3762; x_wconf 81' lang='lat' dir='ltr'><strong>bis</strong></span> <span class='ocrx_word' id='word_1_343' title='bbox 672 3713 728 3762; x_wconf 80' lang='lat' dir='ltr'><strong>otiis</strong></span> <span class='ocrx_word' id='word_1_344' title='bbox 742 3714 855 3777; x_wconf 87' lang='lat' dir='ltr'><strong>Guelpir.</strong></span> <span class='ocrx_word' id='word_1_345' title='bbox 873 3714 1036 3775; x_wconf 79' lang='lat' dir='ltr'><strong>improbante</strong></span> <span class='ocrx_word' id='word_1_346' title='bbox 1055 3714 1149 3764; x_wconf 78' lang='lat' dir='ltr'><strong>Arntz.</strong></span> <span class='ocrx_word' id='word_1_347' title='bbox 1172 3717 1236 3766; x_wconf 79' lang='lat' dir='ltr'><strong>rntr&#39;o</strong></span> 
     </span>
     <span class='ocr_line' id='line_1_38' title="bbox 135 3779 1235 3842; baseline 0.001 -12"><span class='ocrx_word' id='word_1_348' title='bbox 135 3783 270 3831; x_wconf 79' lang='lat' dir='ltr'><strong>deriderent</strong></span> <span class='ocrx_word' id='word_1_349' title='bbox 283 3781 388 3842; x_wconf 79' lang='lat' dir='ltr'><strong>Cuspio.</strong></span> <span class='ocrx_word' id='word_1_350' title='bbox 400 3781 482 3829; x_wconf 86' lang='lat' dir='ltr'><strong>Lirin.</strong></span> <span class='ocrx_word' id='word_1_351' title='bbox 495 3779 611 3827; x_wconf 82' lang='lat' dir='ltr'><strong>Rhenun.</strong></span> <span class='ocrx_word' id='word_1_352' title='bbox 623 3779 713 3841; x_wconf 87' lang='lat' dir='ltr'><strong>Steplr.</strong></span> <span class='ocrx_word' id='word_1_353' title='bbox 740 3781 803 3827; x_wconf 80' lang='lat' dir='ltr'><strong>ratio</strong></span> <span class='ocrx_word' id='word_1_354' title='bbox 813 3794 892 3836; x_wconf 79' lang='lat' dir='ltr'><strong>rurum</strong></span> <span class='ocrx_word' id='word_1_355' title='bbox 904 3780 1037 3829; x_wconf 75' lang='lat' dir='ltr'><strong>deriderent</strong></span> <span class='ocrx_word' id='word_1_356' title='bbox 1048 3780 1161 3841; x_wconf 87' lang='lat' dir='ltr'><strong>Guelplr.</strong></span> <span class='ocrx_word' id='word_1_357' title='bbox 1172 3781 1235 3831; x_wconf 78' lang='lat' dir='ltr'><strong>Vet.</strong></span> 
     </span>
     <span class='ocr_line' id='line_1_39' title="bbox 135 3843 1235 3915; baseline 0.001 -19"><span class='ocrx_word' id='word_1_358' title='bbox 135 3847 250 3898; x_wconf 82' lang='lat' dir='ltr'><strong>Putean.</strong></span> <span class='ocrx_word' id='word_1_359' title='bbox 261 3845 361 3896; x_wconf 78' lang='lat' dir='ltr'><strong>Berlin.</strong></span> <span class='ocrx_word' id='word_1_360' title='bbox 372 3845 447 3896; x_wconf 87' lang='lat' dir='ltr'><strong>Grut.</strong></span> <span class='ocrx_word' id='word_1_361' title='bbox 459 3845 502 3910; x_wconf 88' lang='lat' dir='ltr'><strong>qui</strong></span> <span class='ocrx_word' id='word_1_362' title='bbox 517 3844 615 3907; x_wconf 85' lang='lat' dir='ltr'><strong>primus</strong></span> <span class='ocrx_word' id='word_1_363' title='bbox 632 3843 671 3894; x_wconf 84' lang='lat' dir='ltr'><strong>sic</strong></span> <span class='ocrx_word' id='word_1_364' title='bbox 688 3843 781 3906; x_wconf 87' lang='lat' dir='ltr'><strong>edidit,</strong></span> <span class='ocrx_word' id='word_1_365' title='bbox 798 3844 884 3893; x_wconf 85' lang='lat' dir='ltr'><strong>Rivin.</strong></span> <span class='ocrx_word' id='word_1_366' title='bbox 896 3848 922 3893; x_wconf 79' lang='lat'><strong>2.</strong></span> <span class='ocrx_word' id='word_1_367' title='bbox 932 3852 960 3895; x_wconf 85' lang='lat' dir='ltr'><strong>et</strong></span> <span class='ocrx_word' id='word_1_368' title='bbox 971 3853 1083 3915; x_wconf 73' lang='lat' dir='ltr'><strong>receutt.</strong></span> <span class='ocrx_word' id='word_1_369' title='bbox 1109 3847 1173 3895; x_wconf 86' lang='lat' dir='ltr'><strong>Mox</strong></span> <span class='ocrx_word' id='word_1_370' title='bbox 1186 3861 1235 3910; x_wconf 83' lang='lat' dir='ltr'><strong>pre</strong></span> 
     </span>
    </p>
   </div>
   <div class='ocr_carea' id='block_1_10' title="bbox 630 3979 741 4032">
    <p class='ocr_par' dir='ltr' id='par_1_11' title="bbox 630 3979 741 4032">
     <span class='ocr_line' id='line_1_40' title="bbox 630 3979 741 4032; baseline -0.018 0"><span class='ocrx_word' id='word_1_371' title='bbox 630 3979 741 4032; x_wconf 82' lang='lat' dir='ltr'>NOTAE</span> 
     </span>
    </p>
   </div>
   <div class='ocr_carea' id='block_1_11' title="bbox 136 4077 1234 4300">
    <p class='ocr_par' dir='ltr' id='par_1_12' title="bbox 136 4077 1234 4300">
     <span class='ocr_line' id='line_1_41' title="bbox 167 4077 1234 4153; baseline -0.001 -22"><span class='ocrx_word' id='word_1_372' title='bbox 167 4081 452 4147; x_wconf 66' lang='lat' dir='ltr'><strong>toperpetuipnrentes}</strong></span> <span class='ocrx_word' id='word_1_373' title='bbox 464 4082 665 4153; x_wconf 47' lang='lat' dir='ltr'><strong>eouyerutora*</strong></span> <span class='ocrx_word' id='word_1_374' title='bbox 705 4080 856 4131; x_wconf 80' lang='lat' dir='ltr'><strong>felicitatem</strong></span> <span class='ocrx_word' id='word_1_375' title='bbox 880 4079 1033 4144; x_wconf 75' lang='lat' dir='ltr'><strong>gratulatur,</strong></span> <span class='ocrx_word' id='word_1_376' title='bbox 1054 4086 1083 4129; x_wconf 87' lang='lat' dir='ltr'><strong>et</strong></span> <span class='ocrx_word' id='word_1_377' title='bbox 1101 4077 1234 4130; x_wconf 72' lang='lat' dir='ltr'><strong>inductam</strong></span> 
     </span>
     <span class='ocr_line' id='line_1_42' title="bbox 136 4157 1233 4224; baseline -0.001 -13"><span class='ocrx_word' id='word_1_378' title='bbox 136 4163 233 4212; x_wconf 88' lang='lat' dir='ltr'><strong>tionem</strong></span> <span class='ocrx_word' id='word_1_379' title='bbox 252 4159 285 4208; x_wconf 82' lang='lat' dir='ltr'><strong>ud</strong></span> <span class='ocrx_word' id='word_1_380' title='bbox 301 4161 479 4224; x_wconf 82' lang='lat' dir='ltr'><strong>imperatores,</strong></span> <span class='ocrx_word' id='word_1_381' title='bbox 493 4174 556 4223; x_wconf 86' lang='lat' dir='ltr'><strong>quos</strong></span> <span class='ocrx_word' id='word_1_382' title='bbox 574 4160 664 4208; x_wconf 84' lang='lat' dir='ltr'><strong>ebsen·</strong></span> <span class='ocrx_word' id='word_1_383' title='bbox 704 4159 731 4207; x_wconf 93' lang='lat' dir='ltr'><strong>in</strong></span> <span class='ocrx_word' id='word_1_384' title='bbox 751 4166 834 4207; x_wconf 87' lang='lat' dir='ltr'><strong>toturn</strong></span> <span class='ocrx_word' id='word_1_385' title='bbox 853 4164 982 4207; x_wconf 86' lang='lat' dir='ltr'><strong>terrarum</strong></span> <span class='ocrx_word' id='word_1_386' title='bbox 1001 4157 1090 4208; x_wconf 86' lang='lat' dir='ltr'><strong>orbem</strong></span> <span class='ocrx_word' id='word_1_387' title='bbox 1108 4157 1233 4210; x_wconf 70' lang='lat' dir='ltr'><strong>recutita·</strong></span> 
     </span>
     <span class='ocr_line' id='line_1_43' title="bbox 138 4235 910 4300; baseline -0.004 -12"><span class='ocrx_word' id='word_1_388' title='bbox 138 4247 176 4288; x_wconf 79' lang='lat' dir='ltr'><strong>ter</strong></span> <span class='ocrx_word' id='word_1_389' title='bbox 187 4236 339 4300; x_wconf 85' lang='lat' dir='ltr'><strong>compellat,</strong></span> <span class='ocrx_word' id='word_1_390' title='bbox 352 4235 497 4300; x_wconf 84' lang='lat' dir='ltr'><strong>quibusque</strong></span> <span class='ocrx_word' id='word_1_391' title='bbox 514 4235 598 4287; x_wconf 78' lang='lat' dir='ltr'><strong>aetatis</strong></span> <span class='ocrx_word' id='word_1_392' title='bbox 610 4249 664 4288; x_wconf 79' lang='lat' dir='ltr'><strong>rure</strong></span> <span class='ocrx_word' id='word_1_393' title='bbox 706 4241 759 4286; x_wconf 89' lang='lat' dir='ltr'><strong>tem</strong></span> <span class='ocrx_word' id='word_1_394' title='bbox 770 4242 798 4284; x_wconf 87' lang='lat' dir='ltr'><strong>et</strong></span> <span class='ocrx_word' id='word_1_395' title='bbox 810 4246 910 4298; x_wconf 75' lang='lat' dir='ltr'><strong>penem.</strong></span> 
     </span>
    </p>
   </div>
   <div class='ocr_carea' id='block_1_12' title="bbox 0 0 1381 4726">
    <p class='ocr_par' dir='ltr' id='par_1_13' title="bbox 0 0 1381 4726">
     <span class='ocr_line' id='line_1_44' title="bbox 0 0 1381 4726; baseline 0 0"><span class='ocrx_word' id='word_1_396' title='bbox 0 0 1381 4726; x_wconf 95' lang='lat' dir='ltr'><strong> </strong></span> 
     </span>
    </p>
   </div>
  </div>
 </body>
</html>
