2730 4726
415 313 696 375 rruncrnrous·
729 316 801 375 xri.
817 307 871 374 16.
1100 295 1186 376 1577

91 457 345 540 committeresl
387 471 421 536 3.
447 471 537 553 Ergo'
563 475 640 534 cnm
667 466 795 551 duplex
818 467 920 532 fuerit
943 462 1006 533 iste
1031 466 1187 549 dilectus,

89 596 179 642 unns
191 596 234 640 ex
244 575 387 660 judicio,
403 575 488 638 alter
502 593 547 637 ex
557 572 644 651 fato,
658 567 819 637 incertum
831 572 984 636 meliores
994 571 1084 637 viros
1096 573 1186 656 eapi-

89 680 185 745 entin
203 689 273 756 tua,
293 678 335 741 au
356 677 485 742 fortuna
505 677 719 761 quaesiverim
740 694 818 740 cum
840 676 926 739 tales
948 675 1002 739 vel
1023 682 1186 760 acceptos

90 779 243 861 babeas,‘¹
269 781 323 846 vel
348 787 512 864 repertos,
536 777 575 846 ut
600 785 633 845 et
659 779 709 844 illi
733 778 911 844 meruerint
934 778 1048 856 teneri,
1073 784 1108 843 et
1128 779 1187 845 isti

89 882 265 950 debuerint
279 884 443 966 cooptari.

90 1035 95 1045 ,
134 985 227 1053 (luri
258 1003 342 1052 xvr.
395 985 428 1051 l.
457 986 583 1071 Ecquis·
612 984 856 1070 Imperatorum
882 1003 1028 1068 unquam
1053 986 1188 1068 putavit

91 1090 253 1156 amicitiae
279 1088 405 1155 cultum
425 1091 459 1154 in
480 1090 573 1172 regia
597 1089 699 1155 laude
718 1087 931 1172 ponendoml
954 1087 1091 1151 humilis
1111 1081 1187 1155 brec

90 1193 206 1272 uirtus,
220 1193 425 1278 dubiumque
440 1211 482 1257 an
496 1192 601 1256 virtus
612 1187 834 1274 judicabatur,
850 1208 911 1253 nec
924 1189 1061 1271 palatiis
1076 1188 1188 1273 digna,

90 1297 152 1362 sed
168 1297 313 1381 pergulis
326 1297 524 1362 habebatur.
567 1293 653 1359 Inde
668 1294 827 1359 facilins¹
850 1293 1027 1371 inveneris,
1047 1294 1107 1377 qui
1129 1313 1186 1378 pe-

89 1396 226 1463 cuniam
240 1417 286 1463 ex
301 1399 432 1476 aerario,
454 1417 555 1482 quam
576 1399 632 1482 qui
656 1391 832 1461 exanimo
853 1394 954 1490 fidem
977 1396 1187 1479 promserint.

90 1500 250 1584 Optimus
263 1502 319 1567 ille
332 1508 342 1536 ⁵
353 1501 495 1580 ditabat,
511 1521 577 1566 non
594 1502 696 1566 etiam
709 1499 887 1583 diligebat:
906 1499 1065 1582 prodesse
1084 1499 1187 1563 nove·

88 1612 153 1682 rat,
169 1622 281 1668 amare
294 1605 474 1668 nesciebat.
517 1606 550 1669 2.
571 1603 628 1668 'l'u
650 1602 856 1677 amicitiam,t
877 1621 997 1667 nomen
1022 1608 1098 1667 ante
1119 1602 1188 1687 pri·

89 1703 218 1785 uatum,
229 1725 294 1770 non
306 1707 415 1770 solum
425 1707 512 1770 intra
523 1705 634 1770 aulam
645 1706 789 1784 vocasti,
801 1704 859 1770 sed
871 1704 1017 1769 indutam
1029 1723 1189 1789 purpura,

88 1803 174 1872 ¹auro
203 1809 406 1892 gemmisque
434 1807 631 1884 redimitam,
662 1807 749 1872 solio
781 1808 949 1891 recepisti,
978 1826 1092 1892 reque,
1120 1819 1187 1872 non

87 1911 201 1976 uerbis
225 1912 405 1988 asseruisti,
425 1909 592 1994 Principis
610 1904 757 1974 mentem
780 1915 874 1974 tanto
889 1910 925 1972 in
939 1929 1021 1974 suos
1042 1911 1187 1993 benignu

89 2032 181 2078 orem
196 2033 273 2079 esse
286 2014 419 2092 debere,
440 2019 568 2097 quanto
583 2013 627 2078 sit
641 2013 776 2077 fortuna
788 2012 1009 2096 praestantior,
1031 2032 1106 2076 cum
1120 2011 1187 2078 fide

88 2101 132 2180 lic
152 2114 312 2181 facultate
331 2116 488 2200 paribus’
511 2128 605 2198 agas,
625 2123 659 2181 et
679 2115 900 2179 familiaribus
915 2117 984 2179 tuis
1000 2115 1188 2207 Imperator

88 2217 232 2296 tribuas,
247 2219 340 2302 quod
356 2220 509 2303 privatus
523 2224 672 2302 optaras.
701 2217 733 2282 3.
757 2217 961 2300 Quanquam
975 2236 1052 2302 quae
1065 2208 1187 2303 capere

88 2324 171 2386 vota
185 2327 374 2402 potuerunt,
389 2320 478 2404 quod
492 2320 642 2406 plerique
655 2326 690 2386 te
705 2310 864 2404 Principe
880 2321 1051 2386 consecuti
1065 2310 1188 2386 suutl'*

88 2441 150 2514 noc
172 2442 258 2488 nunc
280 2423 324 2487 'de
345 2424 398 2488 bis
421 2424 603 2489 bonoribus
624 2421 756 2507 loquor,
783 2443 869 2508 quos
889 2425 925 2488 in
948 2419 1186 2509 quemcumque

87 2519 238 2591 boutema
263 2524 462 2611 Imperatori
487 2546 625 2591 necesse
651 2533 714 2592 est.
755 2527 841 2592 ‘Dux
866 2526 989 2611 aliquis
1010 2522 1186 2592 evehitur!

87 2760 93 2769 ,
117 2707 131 2771 J
149 2711 210 2760 Cam
220 2716 261 2760 tun
265 2711 331 2776 fider
340 2712 374 2760 eit
383 2727 428 2776 pur
438 2717 487 2762 turn
497 2711 646 2762 literarum.

116 2772 134 2807 '¹
151 2775 266 2832 Quorum
275 2782 331 2826 coto
341 2780 461 2841 attingere
471 2779 788 2842 rememoreramus
799 2784 823 2828 te
837 2777 976 2842 immuto,
984 2780 1026 2843 isc.

544 2910 734 2934 WNMO

88 2997 164 3062 Mox,
175 2995 242 3045 idem
254 2997 347 3058 codex,
357 2999 394 3048 rei
408 3011 510 3060 mma,
525 2998 620 3047 omissa
637 2998 789 3050 lineola-8
806 2997 874 3048 Edd.
888 3004 955 3047 vett.
967 3002 1075 3061 exceptor
1084 2997 1185 3056 butem

88 3063 152 3114 Ver.
172 3062 284 3112 Putean.
306 3067 411 3126 acceptor
430 3063 524 3112 babeas.
555 3065 621 3114 ‘Ita
639 3071 691 3116 trer
708 3064 777 3122 libri,
794 3078 852 3114 unm
869 3064 966 3129 vulgati
983 3068 1101 3127 exceptor,
1116 3063 1186 3130 quod

87 3135 214 3178 mutatum
226 3128 282 3193 ibat
294 3127 396 3177 Daniel.
412 3130 436 3177 in
449 3127 588 3191 excerptor?
605 3129 682 3180 Grut.

87 3243 89 3247 .
118 3193 189 3243 'Cra
208 3206 269 3243 xvr.
304 3194 388 3243 lNec
402 3193 456 3256 quie
473 3194 641 3256 imperatorum
658 3195 772 3257 Guelpb.
788 3193 929 3257 eruamur
947 3192 1024 3244 uirtus
1039 3193 1101 3243 edd.
1119 3199 1185 3244 vett.

85 3257 228 3322 dwiamque
238 3273 270 3307 ort
279 3259 356 3308 virtus
368 3259 427 3336 cod.
438 3257 534 3309 Scbeff.
553 3260 617 3337 lixo..
627 3260 769 3346 doboobov.
781 3269 808 3309 et
823 3261 866 3336 ed.
878 3261 969 3336 Iuris.
983 3314 985 3321 ,
1002 3259 1009 3286 ‘
1023 3260 1092 3336 [rege
1103 3259 1186 3322 dubiae

86 3332 427 3451 §.adulterati
442 3324 1187 3454 tt¹,ttttt..l.⁰.ltrl“ttfm«lt.,rituali

87 3454 170 3503 nolum
181 3454 273 3517 adulta
284 3453 337 3504 duri
347 3456 390 3504 τοῦ
400 3455 518 3516 pabulis.
551 3455 654 3518 Scribe,
669 3471 712 3506 ner
719 3455 818 3520 palatiis
828 3457 911 3517 ἀέρια,
920 3457 961 3505 red
969 3457 1077 3519 pergulis
1088 3455 1187 3506 babebu-

86 3517 149 3572 tur)
167 3518 283 3570 Gronov.
317 3520 382 3569 Vide
395 3522 471 3573 Nott.
484 3521 560 3571 Verr.
594 3521 668 3585 Mox,
679 3519 783 3570 Acidnl.
794 3521 988 3584 coepiscorum
996 3554 1003 3568 .
1012 3555 1019 3570 .
1029 3555 1036 3571 .
1045 3527 1186 3587 proruerent.

92 3583 199 3648 Optimos
210 3584 319 3634 allevet.
331 3586 491 3636 Puteum-²
503 3585 565 3637 Vct.
573 3587 780 3638 Puteumcolr'or.
789 3586 859 3637 rebus
868 3587 1106 3651 nuncetiam-3
1118 3584 1185 3636 Ede.

581 3732 692 3783 NOTAE

85 3874 88 3880 .
121 3827 263 3890 tdccaeptor
285 3825 380 3889 bebere]
400 3825 431 3875 Id
454 3831 497 3877 ert
517 3840 534 3876 a
555 3827 617 3880 feto.
688 3831 828 3894 ‘Optimus
850 3831 904 3896 ille]
931 3830 1054 3881 Fortasse
1074 3830 1183 3895 optimae.

86 3906 153 3957 Mox
173 3905 211 3954 orl
230 3908 344 3966 repertor,
366 3902 394 3953 id
421 3911 473 3966 ert,
493 3903 622 3956 indurtria
654 3907 780 3966 Meridie,
793 3908 819 3958 id
831 3907 1041 3971 mutuationes.

88 3989 145 4035 tun·
172 3991 174 3996 ’
689 3984 914 4049 tTurouieitiurrr]
936 3984 1054 4033 Sumtum
1071 3983 1135 4034 illud
1151 3994 1185 4034 ex

88 4096 91 4106 ,
120 4054 367 4120 transfretamus
379 4056 539 4121 principibus
552 4058 616 4111 feei·
656 4060 831 4115 JurirniPm.
855 4072 1013 4123 capum.
1029 4066 1059 4111 ut
1078 4058 1109 4111 ad
1123 4073 1184 4112 enm
1235 4076 1238 4081 ’

87 4133 139 4185 line
158 4141 201 4186 ert
220 4133 392 4197 liberalitatis,
415 4149 492 4198 quam
506 4135 571 4187 'fidei
588 4143 617 4188 et
656 4139 741 4191 locum
753 4137 899 4190 observari.

88 4211 209 4265 amicitia
220 4213 340 4278 exempla
350 4210 477 4277 reperire.
