2730 4726
137 293 225 361 nst
584 309 805 360 uannnrrur

135 455 169 519 a.
197 453 318 540 Neque
332 454 419 519 enim
434 455 550 520 fabula
566 464 620 521 est
635 456 677 522 de
689 456 827 522 licentia
841 454 1030 540 poctarum,
1047 477 1110 522 neo
1125 454 1247 542 opinio

137 557 178 622 de
192 557 285 622 fama
296 567 445 623 veterum
461 558 658 623 saeculorum
673 578 682 639 ;
705 558 763 623 scd
779 557 955 624 manifesta
970 579 1024 624 res
1039 566 1073 625 et
1087 560 1244 643 probata,

136 660 226 724 sicut
241 660 430 744 hodiequee
445 667 590 724 testatur
607 659 767 725 Herculis
785 680 843 725 ara
858 662 1020 739 maxima,
1033 669 1066 728 et
1081 661 1244 727 Herculei

136 764 224 829 sacri
240 770 356 830 arreins
371 762 500 827 familia
518 758 683 840 Pinaria)
705 762 893 847 principem
908 762 1000 827 ilium
1018 764 1067 828 tui
1087 765 1243 847 generis·

136 883 177 931 ac
193 867 339 931 nominis
355 865 533 931 Pallantea
549 865 671 930 moenia
687 865 815 930 adiisse
826 861 837 900 f
850 865 1022 944 victorem,
1034 872 1068 932 ci
1082 885 1189 950 parva
1199 863 1241 931 ii·

596 1027 744 1048 eunoun
748 1028 775 1049 00

134 1111 231 1178 Deipis.
244 1112 376 1163 Schwarz.
393 1113 491 1177 inger.
509 1119 536 1161 et
553 1113 691 1175 striga-8
709 1111 759 1160 ‘In
777 1111 859 1174 primo
876 1112 943 1162 libro
955 1113 1239 1164 Gndisnnannotstnnt

134 1186 185 1235 est,
208 1180 233 1229 in
254 1179 364 1243 quodam
383 1178 539 1229 codicellis.
555 1179 616 1241 legi,
631 1191 674 1224 stre
684 1177 763 1239 opinio
778 1180 807 1227 de
817 1177 887 1238 soma
903 1185 1008 1228 summ
1019 1179 1159 1239 fotstonon
1167 1195 1179 1238 ,·
1196 1180 1241 1229 nbi

134 1245 242 1299 rectius,
252 1254 279 1294 et
291 1245 315 1293 in
327 1243 418 1294 codice
431 1253 532 1305 nostro,
543 1252 571 1293 et
588 1245 613 1292 in
626 1242 744 1290 omnibus
760 1242 831 1291 libris
843 1243 945 1291 excussis
963 1244 1067 1308 legitur,
1076 1250 1183 1292 aeleram
1193 1259 1239 1293 sa·

134 1311 258 1369 selamim
274 1309 333 1373 quia
347 1310 373 1358 in
393 1310 485 1358 eadem
501 1309 609 1372 periodo
624 1307 700 1355 motio
720 1318 889 1370 precesserat
908 1309 1061 1358 vocabulum
1075 1308 1171 1368 sabain.
1205 1308 1248 1359 In'

133 1376 303 1438 sequentibus
321 1374 407 1424 serbis
423 1375 597 1436 cuspinianus
624 1373 719 1434 sitique
738 1372 850 1423 editores
868 1373 965 1422 habent
984 1375 1047 1423 sicut
1064 1373 1134 1423 indie
1149 1388 1240 1437 quoque

133 1444 243 1488 testatur.
272 1439 379 1494 Noster,
391 1444 419 1489 et
433 1439 540 1488 Livineii
553 1447 579 1487 et
591 1437 703 1486 Puteaui
719 1437 832 1493 codices,
845 1445 924 1501 atque
935 1440 1001 1487 alter
1011 1439 1078 1487 liber
1088 1437 1240 1500 Gudianus,

132 1504 250 1569 itemque
263 1503 393 1553 Gruterus
411 1509 439 1552 et
450 1505 489 1554 De
510 1506 535 1553 ia
553 1504 653 1558 Bonae,
666 1502 788 1565 produnt,
802 1503 865 1552 sicat
881 1504 994 1566 nodisque
1012 1507 1139 1553 testantur.
1176 1503 1238 1552 Non

132 1567 280 1619 damnamus
292 1569 361 1617 lsods'e
371 1584 460 1632 qaoque
468 1585 478 1627 ,¹
495 1584 578 1631 neqne
590 1574 675 1617 tamen
688 1581 737 1616 non
751 1569 848 1629 placet,
860 1569 929 1632 qunti
944 1578 983 1618 tot
995 1569 1100 1617 codices
1116 1568 1239 1633 probant,

132 1628 160 1682 et
180 1633 356 1694 nsusVeileii‚
375 1634 491 1696 Senecas,
507 1632 674 1694 Quintiliani,
691 1631 788 1694 Taciti,
808 1633 967 1697 slioruutque
985 1641 1129 1687 anctorum,
1146 1630 1237 1682 confir·

130 1697 205 1747 mat)
222 1698 341 1748 Sciswars.
376 1699 450 1759 Mox,
462 1700 549 1762 vrslgg.
559 1698 656 1758 firmilia
665 1698 801 1759 primario,⁸
818 1700 883 1746 Vet.
899 1699 1008 1763 cuspin.
1024 1699 1142 1747 ltlsenau.
1153 1698 1242 1748 Parin

131 1767 205 1813 tots.
226 1764 323 1825 Deiph.
336 1763 467 1813 Sclswara.
485 1762 583 1824 Jaeger.
594 1772 621 1811 et
635 1762 848 1821 recenti-familia
859 1763 969 1811 Pinaria.
992 1764 1089 1825 Vulgg.
1103 1762 1237 1821 Palantenr

130 1827 241 1890 cnelplr.
253 1829 304 1875 dno
315 1827 385 1876 Gnd.
398 1838 425 1877 et
437 1843 500 1878 ituris
509 1830 637 1878 Sclsnnrz.
655 1827 791 1876 Pallantea.
807 1827 910 1877 ‘Unum
923 1828 1008 1877 ndlsuc
1026 1835 1110 1877 restat
1128 1841 1235 1877 monen-

129 1891 210 1954 dnm;
229 1908 321 1954 nempe
335 1894 446 1943 antehac
463 1894 489 1941 in
508 1893 610 1942 excursis
628 1890 699 1939 libris
718 1891 881 1954 cuspiniani,
900 1893 1025 1948 Rhenani,
1048 1893 1083 1941 Η.
1100 1893 1237 1955 Stephani,

129 1957 249 2018 Livineii,
272 1958 390 2015 Gruteri,
409 1969 435 2006 et
456 1959 647 2016 parisiensium,
663 1955 824 2019 publicatum
843 1956 933 2017 fuisse,
950 1959 1082 2021 principem
1100 1959 1176 2013 ilium,
1199 1960 1237 2008 issi

128 2024 226 2082 generis
236 2039 264 2073 oo
278 2024 390 2086 nominis,
402 2025 521 2073 Pulnntea
533 2023 619 2072 moenia
633 2021 756 2070 addidisse
766 2022 887 2070 uictorem.
923 2023 1051 2071 Livineius
1060 2025 1115 2086 jam
1128 2037 1159 2070 ex
1174 2037 1236 2071 con·

125 2088 232 2151 jactura
243 2097 380 2138 notaverat
401 2091 426 2138 in
446 2089 570 2152 margine,
588 2087 701 2137 fortasse
721 2087 858 2147 proverlro
876 2087 1003 2143 addidisse,
1023 2086 1160 2150 legendum
1178 2101 1236 2137 esse

128 2154 216 2202 adisse,
248 2154 403 2203 Valentinus
416 2152 547 2203 Acidalins
559 2154 679 2216 opinatus
691 2159 740 2207 est,
758 2149 825 2200 forte
836 2152 1030 2202 rescribendum
1043 2167 1110 2214 esse,
1123 2152 1236 2202 Palatina

129 2218 214 2280 moenio
223 2219 354 2268 condidisse
364 2219 485 2268 nis-torem.
520 2219 636 2268 Grutern
647 2216 728 2263 visum
740 2222 789 2271 est.
801 2217 911 2266 stradere
923 2225 1151 2281 sagrimentumnt
1163 2219 1235 2281 legs·

78 2298 80 2304 ·
129 2295 186 2329 rutis
198 2282 295 2337 adiisse,
314 2291 390 2344 prout
408 2283 568 2347 conjecerim
586 2279 747 2341 Bougarsins
765 2289 791 2328 et
810 2281 956 2343 Livineius3
976 2282 1082 2346 propius
1101 2290 1189 2331 tamen
1201 2283 1236 2332 ad

128 2347 221 2395 literas
231 2345 360 2396 divinssse
376 2348 511 2396 claudium
525 2348 671 2397 Putennnm
682 2343 822 2404 adjunnsm
839 2347 875 2396 sic
892 2347 960 2397 eninr
971 2347 1003 2395 nd
1017 2348 1156 2408 marginem
1173 2346 1236 2402 iibri

129 2411 262 2474 adpictum
276 2427 352 2460 uranu
365 2412 438 2462 Petri
452 2413 579 2462 Danielis.
615 2412 739 2461 Attamen
749 2410 883 2459 Puteanus
894 2412 920 2460 in
931 2412 1068 2461 variarum
1082 2412 1235 2463 Lectionum

128 2476 228 2543 libello,
247 2479 290 2540 qui
307 2477 423 2542 adjectus
441 2486 483 2528 est
501 2476 610 2528 editioni
632 2474 771 2526 Parisiensi
784 2489 828 2527 aa.
846 2479 919 2528 tnta.
935 2479 1046 2543 notarit,
1063 2493 1091 2527 ss
1108 2479 1188 2528 etism
1207 2479 1238 2529 itt

129 2693 224 2750 matre,
246 2703 304 2752 qum
328 2696 401 2738 rates
422 2694 487 2751 erat,
511 2687 536 2737 in
555 2686 660 2736 Italiam
702 2698 787 2733 casum
799 2699 873 2734 sacra
889 2694 977 2737 essent
989 2702 1036 2751 pro
1049 2701 1120 2737 more
1132 2687 1236 2739 instan-

127 2765 214 2826 venit,¹
229 2767 361 2830 pulsisque
382 2766 442 2816 iude
466 2765 661 2829 Aboriginibus,
701 2759 797 2821 rauda3
815 2761 929 2812 Potitius
942 2763 1013 2827 prior
1024 2763 1140 2829 advenit,
1152 2764 1235 2815 Pins·

127 2855 161 2891 ει
172 2842 229 2892 ioca
240 2842 337 2905 tenuit,
348 2843 393 2893 obi
403 2851 493 2906 postes
505 2843 587 2892 [tonia
600 2854 659 2890 con·
701 2835 753 2884 rius
765 2849 829 2885 vero
840 2838 969 2901 extisjuu
982 2841 1101 2888 comesis·
1136 2841 1235 2892 Quam·

127 2915 183 2975 dita
196 2926 249 2980 est,
261 2932 421 2984 partumque
435 2917 559 2982 oppidum
572 2917 597 2966 in
609 2917 659 2966 Pa·
700 2912 789 2961 obrem
809 2913 832 2961 ei
847 2913 928 2964 iratus
944 2915 1074 2966 Hercules
1089 2917 1185 2970 statuit
1203 2925 1235 2971 ut

127 2990 209 3042 isttno
227 3001 314 3042 monte
338 2995 467 3044 exstruxit
494 2994 667 3046 Pallanteum
700 2987 799 3038 Pinarii
817 2990 988 3041 ministrorum
1006 3007 1077 3042 more
1094 2993 1168 3044 cibos
1181 3009 1233 3046 non

127 3065 238 3124 dictum,
250 3067 290 3115 vel
305 3082 319 3115 s
331 3067 454 3116 Pallante
471 3081 577 3131 proavo,
593 3068 632 3115 vei
644 3082 659 3116 a
700 3065 870 3126 attingerent,
881 3066 982 3118 interea
994 3068 1052 3117 dum
1061 3071 1155 3120 Potitii
1167 3083 1234 3135 epu·

126 3139 249 3190 Palantia
261 3143 325 3190 urbe
339 3141 467 3192 Arcadica
476 3141 544 3190 uude
556 3140 659 3205 profec-
700 3139 826 3189 iurentur.
855 3143 933 3192 Unde
944 3150 971 3193 et
985 3146 1083 3195 Pinarii
1095 3145 1160 3196 dicti
1170 3153 1233 3198 sunt

128 3226 169 3267 tus
193 3223 259 3274 erat,
280 3226 308 3268 ut
331 3219 429 3268 mavult
450 3217 561 3280 Dionys.
574 3217 660 3266 Halia.
700 3211 747 3262 tsi
765 3215 808 3273 nis
824 3216 913 3280 reims,
927 3235 942 3268 o
952 3219 1036 3280 somer
1053 3222 1147 3272 Potitii
1160 3238 1231 3281 vern,

126 3291 219 3342 videti
233 3301 320 3356 potest
332 3296 427 3356 virgil,
440 3295 498 3344 AEn·
510 3308 573 3344 vttr.
586 3298 641 3344 130.
699 3291 771 3353 qnasi
792 3295 868 3354 potiti
885 3296 962 3344 extis.
988 3297 1056 3346 Vide
1068 3297 1183 3347 libellum
1196 3299 1231 3349 de

157 3377 169 3403 e
185 3369 320 3434 Hodieque]
338 3371 440 3435 Legunt
457 3372 500 3421 alii
515 3371 585 3421 nodie
601 3387 657 3434 quo·
700 3365 809 3429 Origine
821 3367 916 3419 Gentis
929 3370 1053 3421 Romanae
1070 3374 1102 3422 ab
1113 3372 1232 3426 Andraea

126 3446 182 3509 que(
698 3445 806 3497 Sebotto
819 3447 916 3497 Victori
928 3451 1094 3500 attributum.

158 3519 293 3572 iFusrtiiio
308 3523 423 3588 Pinaria]
442 3524 570 3588 Respexit
581 3523 612 3574 sd
626 3525 655 3573 ii·
728 3531 741 3560 ἒ
761 3525 901 3590 Principem
923 3528 990 3576 illum
1012 3529 1049 3577 tui
1066 3529 1174 3593 generis]
1193 3529 1231 3581 Ut

125 3595 287 3660 lud-virgil.
309 3611 370 3648 vttr.
395 3605 451 3651 271.
478 3601 656 3665 ‘Primusque
696 3601 870 3651 Maximianus
900 3603 1040 3654 Herculius
1071 3605 1232 3668 dicebatus3

125 3673 242 3729 Potitius
254 3682 353 3731 anctos,
371 3677 405 3725 Et
419 3676 510 3727 domus
530 3677 655 3727 Herculei
697 3680 757 3730 ideo
773 3682 860 3745 liujus,
875 3689 902 3732 et
917 3684 1048 3748 sequentis
1071 3684 1229 3748 Panegyrioi

125 3758 216 3800 custos
234 3750 340 3800 Pinaria
358 3751 443 3802 ssori.'
477 3754 608 3810 Pinarius,
627 3761 656 3804 et
697 3759 970 3809 anotorMamertinus
987 3768 1142 3824 perpetuam
1159 3761 1230 3812 lier-

124 3827 240 3879 Potitius
261 3827 313 3878 dno
331 3829 450 3880 Arcadias
474 3845 550 3881 senes
572 3830 656 3893 inere,
696 3836 781 3884 colem
793 3836 862 3884 inter
872 3844 901 3884 et
912 3837 1100 3887 Maximianum
1112 3838 1231 3890 instituit

125 3904 218 3967 quibus
234 3904 361 3968 quomodo
381 3907 429 3954 coli
442 3907 529 3963 veliet,
540 3908 656 3957 ostendit
696 3912 924 3975 comparationem.

125 3977 266 4041 Hercules,
277 3981 417 4031 scilicetut
428 3996 512 4039 mane,
524 3990 552 4032 et
565 3997 655 4045 vespe·
728 3985 738 4021 ¹
751 3987 849 4037 Adiisse
872 3988 1016 4053 [addidisse]
1041 3990 1112 4052 Lege
1128 3991 1239 4050 adiisse.-

124 4053 146 4102 ri
157 4054 205 4103 sibi
217 4057 415 4108 sacrificaretur.
430 4058 524 4122 igitur
536 4058 655 4123 perfecto
696 4069 729 4112 nt¹
746 4063 887 4116 restituunt
911 4065 1042 4116 Livineius
1060 4074 1088 4116 et
1108 4065 1227 4131 Bongar·

123 4129 251 4181 mstutinn
263 4132 403 4192 ssorisicin,
413 4149 471 4185 eum
482 4135 529 4185 sair
542 4135 602 4186 solis
612 4150 653 4190 oc·
694 4138 756 4191 sius.
