2730 4726
195 313 283 379 1560
590 316 726 368 taulus
751 315 890 366 escant

194 447 283 538 terra
306 467 447 543 felicior,
473 464 530 530 coi
551 460 760 541 excolendae,
779 470 881 547 atque
905 459 994 528 adeo
1009 459 1161 529 ditandae
1183 464 1299 550 inpen-

197 576 284 650 sius,
297 589 400 655 quam
415 567 533 634 cetens
547 563 712 649 gentibus,
727 582 903 648 supremus
917 563 975 629 ille
988 583 1099 630 rerum
1112 565 1300 637 fabricator

196 675 347 742 indulsit
388 671 422 737 8.
446 667 536 749 Quae
555 686 618 733 nec
634 666 793 732 austrinis
809 666 959 731 obnoxia
971 668 1125 746 restibus,
1147 687 1215 735 nec
1231 690 1300 736 arc-

197 777 265 844 tois
280 776 431 862 subjecta
443 771 635 856 frigoribus,
654 768 765 834 media
782 768 913 834 fovetur
933 770 1010 834 axis
1025 769 1203 855 utriusque
1218 778 1302 838 tem·

197 880 304 966 perie:
325 897 403 964 quse
417 876 494 941 biue
510 872 684 958 Pyrenaeis
698 868 895 951 montibus,¹‘
908 872 1000 938 illinc
1014 875 1301 955 oceani-aestubus,

198 981 278 1050 iude
301 979 462 1066 Tyrrheni
487 975 589 1041 maris
615 973 788 1039 littoribus
812 979 981 1053 coronate,
1003 983 1135 1042 naturae
1164 978 1300 1045 solertis

197 1086 342 1170 iugenio,
361 1082 453 1149 velut
466 1080 548 1147 alter
561 1077 666 1156 orbis,
680 1075 870 1142 includitur.
913 1077 947 1142 4.
968 1074 1069 1144 Adde
1084 1085 1139 1145 tot
1152 1082 1301 1165 egregias

199 1188 368 1264 civitates,
386 1183 473 1250 adde
488 1183 579 1248 culta
593 1179 789 1264 incultaque
804 1179 916 1244 omnia
933 1181 986 1245 rel
1004 1179 1174 1248 fructibus
1189 1184 1302 1269 plena,

199 1291 255 1357 vel
268 1289 446 1373 gregibus3
467 1283 554 1351 adde
568 1282 779 1350 auriferorum
796 1302 880 1367 opas
895 1282 1088 1366 fluminum3
1110 1285 1204 1351 adde
1217 1287 1300 1352 radi-

200 1393 328 1459 antium
338 1389 474 1457 metalla
485 1405 697 1472 gemmarum.
724 1386 806 1451 Scio
817 1385 950 1451 fabulas
961 1385 1151 1470 poiitarum,
1164 1389 1300 1455 auribus

199 1494 388 1560 mulcendis
412 1498 575 1577 repertas,
597 1490 711 1574 aliqua
732 1489 901 1554 nonnullis
925 1489 1083 1570 gentibus
1110 1492 1300 1558 attribuisse

199 1596 381 1663 miracula:
396 1614 485 1679 qua,
500 1599 536 1659 ut
547 1593 614 1657 siut
625 1599 726 1667 vera,e
739 1600 822 1657 suut
836 1591 988 1674 singula:
1004 1611 1069 1657 uec
1075 1592 1150 1679 jam
1163 1595 1300 1660 excutio

199 1703 383 1784 teutatem.
427 1697 514 1775 Sint,
528 1702 567 1761 ut
580 1695 747 1772 scribitur,
768 1690 945 1776 Gargara*
967 1686 1133 1778 proventu
1147 1697 1231 1763 laeta
1244 1698 1301 1762 tri·

201 1805 302 1882 tirso,
317 1801 502 1868 Mevania·
516 1802 714 1863 memoretur
728 1801 890 1872 armento,
905 1793 1115 1880 Campania‘
1128 1807 1301 1866 censeatur

201 1916 315 1973 moute
328 1903 517 1986 Gauranos
538 1897 668 1987 Irydin¹¹
684 1897 889 1984 praedicetur
903 1919 1000 1966 amne
1013 1899 1164 1968 Pactolo
1174 1899 1201 1981 3¹
1224 1902 1301 1969 dum

661 2081 841 2104 cumeum

235 2205 304 2255 cea.
313 2217 353 2256 ιν.
374 2208 389 2254 1
400 2201 466 2254 cod.
476 2198 572 2254 seireff.
593 2201 635 2266 psi
645 2205 670 2250 et
679 2199 845 2250 cerrita-u
856 2198 922 2249 voe.
940 2197 1052 2262 ‘ntitas
1061 2196 1212 2251 addititiam
1229 2204 1303 2264 putat

204 2267 430 2320 Acidal-s‘Pro
436 2267 570 2334 Pyrronis,
577 2266 645 2329 quod
653 2266 679 2314 io
687 2266 745 2316 aliis
753 2271 838 2324 extat,
845 2279 917 2315 eus
925 2263 1008 2314 codex
1015 2264 1130 2330 Pyrenei
1136 2265 1305 2330 babet,quod

203 2341 233 2383 et
243 2335 327 2398 ipsum
338 2335 432 2383 bouum
444 2331 501 2382 est!
512 2331 604 2397 Scleff.
620 2330 676 2380 bias
684 2331 810 2395 &rescia
821 2330 887 2380 Ero.
898 2329 1091 2380 &bocboc-4
1103 2329 1233 2382 Qutedata
1246 2329 1305 2382 edd.

203 2408 271 2449 vett.
292 2414 345 2463 quo
355 2402 411 2448 dum
427 2399 496 2456 siat,·
512 2397 574 2448 Vet.
591 2396 703 2445 Put'eeu.
716 2404 744 2445 et
754 2396 819 2446 Ere.
835 2395 981 2446 Soboabor.
1003 2409 1055 2459 quo
1071 2399 1099 2446 st
1115 2395 1185 2455 siat,·
1202 2395 1305 2446 Acron.

204 2466 272 2530 conj.
285 2465 497 2529 quorumquam
506 2463 556 2511 aar
566 2475 632 2523 aaa,
642 2465 683 2526 trs.
700 2462 761 2511 Vet.
769 2460 827 2511 uod.
841 2459 1160 2524 praemalmtettn'tiseo.
1178 2462 1305 2527 ‘Repone

204 2544 238 2579 ex
249 2529 374 2595 vestigiis,
388 2533 503 2592 proserta
512 2528 569 2576 toetu
579 2525 690 2576 triticeo?
709 2525 795 2577 duret.
811 2527 871 2575 lecta
881 2526 970 2574 trititio
979 2524 1045 2573 Exn.
1053 2525 1201 2577 Sebonbor.
1212 2526 1306 2590 ‘Inep-

204 2602 233 2646 te
243 2604 272 2646 et
282 2606 374 2647 contra
384 2609 486 2645 omnem
498 2594 654 2657 scripturam
663 2591 762 2643 editum
775 2590 901 2641 Baldnino
909 2589 1089 2641 Mensem-t
1101 2589 1233 2658 ‘Guelpb
1243 2592 1306 2658 tegit

702 2740 809 2792 NOTAE

204 2855 301 2909 genere
313 2839 458 2903 Hispanum
475 2838 554 2890 fuisse
565 2839 591 2889 in
604 2839 659 2904 ejus
669 2838 735 2888 Vita
806 2836 960 2902 eumn]
978 2833 1048 2886 Urbs
1065 2834 1184 2886 Umbria
1202 2837 1236 2888 ad
1255 2838 1307 2889 cti·

205 2917 327 2968 dirimas.
775 2923 892 2967 tomunm
906 2912 1023 2971 ,fluvium
1049 2912 1076 2962 iu
1103 2913 1146 2963 via
1173 2915 1309 2980 Flaminis,
1352 2900 1356 2911 ¹

210 3032 213 3037 .
238 2992 392 3058 prreaais
400 2992 530 3057 mentitur]
546 2991 582 3041 lli
597 2997 656 3041 suut
672 2990 734 3040 His·
775 2991 910 3056 Propertii
930 2990 1024 3054 petria,
1043 2990 1147 3052 pascuis
1167 2991 1308 3058 uberrima,

205 3070 292 3134 panio
313 3068 417 3120 limites.
451 3069 589 3133 Pyrenaeis
607 3066 754 3121 montibus·
777 3083 851 3132 quam
869 3067 928 3118 ideo
944 3068 1065 3118 Lucanus
1081 3065 1126 3115 lib.
1143 3081 1165 3118 r.
1183 3068 1309 3120 ‘taurife-

204 3160 222 3196 ι
240 3147 326 3197 Gallia
347 3145 482 3209 dividitur,
500 3145 607 3196 Oceano
626 3160 689 3195 vero
709 3151 736 3195 et
775 3143 848 3195 rsm'
865 3152 958 3195 vocat:
975 3144 1042 3193 ‘Est
1054 3143 1099 3206 qni
1113 3143 1249 3197 tauriferis
1263 3147 1309 3197 nbi

205 3224 272 3274 mari
288 3223 483 3274 Mediterraneo
500 3223 583 3273 instar
595 3222 738 3286 peninsula
776 3237 804 3273 se
812 3222 934 3272 Mevania
944 3220 1060 3284 campis,'
1071 3223 1122 3270 tro.

206 3298 290 3350 tribus
302 3300 427 3349 lateribus
439 3297 650 3349 circumflueret.
809 3298 819 3331 ¹
834 3296 977 3363 Computa]
994 3297 1077 3361 Regio
1091 3296 1177 3348 Italia
1193 3298 1263 3351 iuter
1273 3301 1308 3352 A·

239 3375 304 3424 0Ut
314 3375 364 3424 sint
375 3374 443 3438 ooo]
460 3375 491 3425 ld
501 3381 552 3437 est,
562 3375 664 3425 etiamsi
675 3387 738 3423 rere
776 3377 879 3426 uienem
905 3374 1012 3426 flurium
1040 3380 1068 3424 et
1090 3374 1217 3434 Tiberim,
1233 3379 1310 3444 juxta

207 3458 295 3504 essent
306 3469 313 3502 z
324 3452 452 3516 quomodo
462 3453 531 3516 apud
543 3451 636 3502 Horat.
651 3451 736 3517 Epod.
776 3466 848 3503 mare
870 3451 1092 3501 Mediterraneum
1113 3459 1234 3518 extensa,
1251 3470 1309 3519 pars

207 3546 229 3582 1.
245 3530 323 3580 ‘Non
336 3536 365 3576 nt
379 3527 458 3588 adsit,
477 3528 557 3577 auxili
576 3529 661 3578 latura
678 3529 736 3591 plus
777 3531 845 3581 Latii
860 3529 968 3594 antiqui.
1239 3588 1243 3595 ι

207 3604 397 3674 presentibus?
445 3605 527 3654 Plnre
552 3605 607 3668 ejus
635 3605 738 3668 generis
809 3606 922 3655 rMonte
935 3603 1062 3668 Gamo]
1075 3602 1228 3656 Gauranum
1238 3614 1308 3657 mons

207 3685 327 3749 exempla
338 3680 436 3733 referre
443 3680 610 3738 abstinemus
621 3681 736 3739 infinitus
778 3683 926 3746 Campania
937 3695 1019 3746 prope
1027 3680 1165 3730 Puteolos.

208 3765 267 3815 situ.
809 3759 822 3794 δ
838 3759 931 3825 Lydia]
944 3757 1014 3808 Asia
1026 3758 1135 3807 Minoris
1152 3759 1311 3825 regio‚inter

213 3842 216 3846 ’
240 3839 253 3874 ‘¹
272 3837 396 3902 Gargara]
407 3837 507 3887 Vertex
517 3835 660 3886 estmnutit
671 3834 737 3892 Idae,
777 3836 877 3888 Ioniam
889 3833 922 3884 sd
931 3833 1072 3896 Oceanum,
1080 3833 1225 3898 Phrygiam
1235 3836 1308 3900 Mag·

207 3917 270 3967 item
280 3913 405 3980 oppidum
416 3922 458 3964 est
469 3912 501 3963 ad
513 3912 629 3978 ejusdem
640 3914 736 3964 montis
776 3927 835 3963 uam
845 3912 877 3962 ad
890 3910 986 3962 Ortum
997 3916 1024 3960 et
1035 3909 1159 3974 Boream,
1167 3919 1196 3962 et
1205 3913 1309 3978 Lysiam

208 3993 319 4056 radices,
337 3993 404 4057 apud
423 3992 499 4041 Ilium
517 3989 617 4046 urbem,
637 3990 738 4055 Perga·
777 3990 810 4039 ad
822 3986 961 4039 Meridiem
972 3988 1168 4050 comprehensa.

208 4071 257 4120 mis
269 4069 423 4134 proximum,
432 4067 476 4118 ubi
487 4067 608 4132 planities
618 4066 738 4118 maxima
810 4065 819 4101 ¹
834 4063 946 4128 Pactolo]
957 4065 998 4114 De
1010 4064 1120 4114 Pactolo
1128 4065 1222 4129 Lydiae
1231 4065 1309 4118 flutio

209 4145 345 4196 ubertatis.
362 4146 442 4210 ‘Ipsa
460 4159 518 4194 snas
534 4142 739 4219 miranturGer·
778 4140 958 4194 anretsarenis
970 4140 1106 4194 notissimo
1117 4154 1199 4208 snpra
1210 4144 1310 4213 Panes.

209 4221 399 4288 repausaret?
430 4219 628 4288 Virgilfieorp.
640 4233 661 4272 r.
671 4223 728 4273 1⁰³.
779 4222 873 4272 rulo.
