2730 4726
132 296 219 362 1230
578 313 666 362 vrrs
695 313 874 363 nuunnrr.

132 460 310 522 morotum
325 457 492 521 transtulit
511 457 636 540 pietas.
651 505 660 520 .
678 507 686 524 .
704 458 884 524 .Getarum
899 460 993 543 qnod
1014 459 1057 525 de
1078 459 1238 527 omnibus

131 559 247 625 liberis
261 559 430 635 diritate
444 566 507 639 est,
522 559 722 643 Imperator,
737 563 885 627 ambitio.
909 560 1037 629 Praeter
1052 564 1139 627 enim
1155 565 1237 628 illos

132 662 279 746 quinque
294 683 379 746 qnos
395 663 508 745 genui,
523 664 624 728 etiam
646 664 726 729 illos
750 684 898 741 numero,
913 686 1000 750 quos
1027 667 1170 750 provexi
1193 666 1237 730 ad

132 763 267 828 tutelam
283 765 359 844 lori,
384 766 427 830 ad
446 764 558 831 officia
574 764 718 850 palatii?

176 865 256 945 Quo
272 887 358 932 anno
372 875 471 932 natus
488 869 544 943 sit,
560 874 679 955 atquo
702 868 823 934 obierit
845 868 1006 932 incertum
1029 874 1092 935 est.
1137 869 1238 935 Certe

131 967 223 1032 hand
240 968 420 1033 admodum
439 968 597 1053 juvenem
625 989 702 1060 eum
725 970 832 1034 luisse
852 980 984 1054 oportet
1006 990 1092 1035 anno
1108 970 1237 1038 Christi

130 1069 206 1135 296.
219 1077 289 1135 turn
305 1090 380 1135 cum
392 1072 466 1136 haec
482 1071 575 1136 dicta
590 1080 643 1136 est
657 1072 777 1150 oratio,
792 1073 959 1156 siquidem
975 1073 1047 1158 ejus
1062 1074 1153 1138 filius
1163 1075 1237 1158 jan

132 1177 203 1238 tum
228 1173 460 1256 magistratum
491 1174 628 1256 gerebat
650 1173 907 1256 amplissimum.
952 1175 996 1240 Et
1017 1174 1101 1240 Pan.
1121 1192 1189 1240 vrr.
1205 1179 1237 1241 1.

131 1275 303 1339 ‘suhitam
321 1275 455 1340 dicendi
478 1273 700 1340 facultatem’
721 1282 822 1359 negat
847 1277 932 1341 baua
958 1277 1023 1346 sibi
1046 1281 1238 1357 convenire,

131 1378 191 1460 qui
215 1377 360 1441 ‘mediae
390 1377 499 1442 aetatis
527 1377 673 1462 amplius
703 1397 770 1442 non
798 1377 910 1442 essct!
953 1378 1000 1442 Et
1026 1399 1102 1463 cap.
1128 1397 1237 1445 xxrr.

129 1488 251 1564 optans
267 1486 304 1543 ut
326 1476 572 1543 Constantinus
589 1479 871 1560 Augustodunum
896 1479 1082 1563 aliqnando
1099 1483 1238 1548 veniat:

129 1586 222 1649 ‘Sed
237 1583 347 1660 enim,’
368 1583 488 1667 iuquit,
514 1584 607 1649 ‘ista
629 1583 777 1649 felicitas
794 1582 928 1661 viderit,
950 1603 992 1647 an
1016 1584 1127 1650 adhuc
1151 1605 1237 1653 meae

130 1686 291 1752 debeatur
309 1684 430 1752 aetati?
939 1695 942 1700 '
1193 1674 1196 1682 ’
1218 1674 1223 1680 ’

172 1789 330 1869 Quatuor
360 1808 406 1854 ex
430 1789 489 1860 his
512 1788 674 1869 Veterum
699 1787 920 1871 Panegyricis
943 1787 1108 1854 Eumenia
1132 1791 1238 1860 tribui

129 1893 259 1958 solent:
277 1891 440 1971 Quartus,
455 1911 553 1975 quern
568 1911 630 1976 pro
646 1889 871 1955 restaurandis
888 1889 1120 1954 AEduensihus
1136 1892 1238 1956 scho-

4 2033 8 2039 -
127 1995 171 2059 lis
187 1991 427 2078 Augustuduni
454 1993 543 2057 dixit
568 2012 682 2059 coram
708 1993 779 2058 viro
804 1992 1067 2074 perfectissimo,
1087 1992 1155 2058 hoc
1172 2003 1237 2072 est,

129 2115 241 2162 coram
257 2095 493 2179 Lugdunensis
508 2096 627 2179 primae
643 2093 803 2179 praeside,
823 2095 952 2176 opinor.
968 2093 1178 2172 Rictiovaro,
1201 2103 1239 2161 ut

88 2201 90 2211 ‘
127 2199 164 2262 in
182 2199 273 2263 notis
296 2198 462 2263 ostendo:
486 2217 575 2263 anno
598 2197 675 2262 296.
699 2204 738 2261 ut
762 2202 902 2279 apparet
925 2214 971 2260 ex
994 2195 1237 2279 imperatorum

128 2300 369 2384 Caesarumque
386 2301 537 2365 victoriis
551 2320 629 2384 qnae
647 2320 677 2365 c.
695 2298 1079 2382 xxr.perstriuguntur,
1088 2318 1239 2382 quaeque

127 2403 163 2465 in
177 2402 268 2466 hunc
283 2408 409 2466 tautum
427 2422 548 2466 annum
564 2404 683 2466 cadere
697 2406 851 2485 possunt,
877 2408 915 2465 ut
940 2402 972 2464 in
996 2401 1238 2482 imperatorum

127 2503 337 2569 Diocletiani
366 2509 400 2570 et
429 2504 634 2569 Maximiani
662 2503 773 2586 Augg.
801 2510 834 2569 et
863 2502 1054 2567 Constantii
1087 2503 1239 2568 Caesaris

129 2607 213 2674 Vita
227 2608 420 2672 observavi.
452 2607 611 2687 Quintus,
628 2627 724 2691 quem
739 2607 895 2671 Treveris
908 2625 1020 2671 coram
1038 2604 1240 2672 Constantio

129 2711 267 2778 Caesare
289 2717 328 2774 nt
343 2730 386 2774 ex
401 2708 528 2793 Paneg.
545 2730 621 2795 cap.
639 2726 692 2773 1v.
707 2716 826 2793 patet:
850 2708 1045 2772 ‘Habenda
1070 2713 1122 2771 est
1148 2710 1239 2774 ratio

126 2813 288 2898 temporis
304 2813 441 2878 Caesare
458 2818 567 2878 stante
582 2813 661 2878 dum
678 2810 865 2896 loquimur!
895 2810 1040 2875 Duobus
1056 2807 1237 2891 Augustis,

128 2924 163 2983 et
176 2916 316 2982 Galerio
334 2915 470 2981 Caesare
485 2918 691 2994 absentibus,
701 2909 739 2980 ut
753 2914 963 2979 manifestum
979 2919 1031 2977 est
1047 2931 1091 2976 ex
1103 2931 1184 2996 cap.
1200 2933 1236 2978 u.

126 3018 185 3084 ubi
200 3038 313 3083 eorum
329 3019 492 3100 praeclara
506 3025 600 3102 gesta
613 3021 835 3103 perstringens
849 3039 858 3083 ε
872 3023 882 3052 ‘
894 3017 983 3081 Haec
1000 3014 1097 3092 aliis,'
1110 3016 1238 3098 inquit,

128 3120 330 3185 ‘celebrabo
347 3120 570 3201 temporibus,
582 3122 625 3185 iis
642 3123 739 3205 ipsis,
750 3123 809 3205 qui
820 3138 967 3202 gessere,
979 3118 1206 3200 praesentibus
1218 3117 1241 3183 τ’

128 3224 192 3287 snb
206 3219 309 3285 finem
323 3220 400 3284 anni
422 3220 546 3286 Christi
569 3223 646 3287 296.
668 3231 747 3307 post
769 3224 920 3288 occisum
943 3218 1126 3295 Allectum,
1141 3241 1237 3285 recu·

130 3328 330 3409 penatesque
355 3323 562 3397 Britannias,
584 3334 661 3389 ante
683 3325 898 3408 Lingonicam
923 3322 1116 3387 Constantii·
1132 3323 1236 3388 victo-

129 3425 285 3504 riam,-de
302 3446 370 3510 qua
394 3428 531 3491 verbum
554 3429 681 3492 nnllum
702 3435 776 3493 est:
799 3447 874 3491 cum
896 3425 1129 3490 Maximianus
1146 3424 1236 3507 Aug.

130 3529 269 3594 Mauros
299 3538 517 3613 oppugnaret.
572 3528 775 3614 Quanquam
806 3530 894 3593 huuc
923 3527 1076 3591 nonnulli
1106 3527 1236 3592 incerto

130 3631 267 3710 auctori,
307 3637 340 3694 et
377 3630 561 3697 Rhenanus
597 3631 803 3697 Mamertino
837 3638 895 3696 aut
928 3630 1043 3710 Belgae
1084 3630 1238 3712 cuipiam

129 3735 288 3814 ascribit3
312 3733 456 3798 sortasse
473 3734 563 3818 quod
584 3735 688 3820 hujus
710 3734 907 3820 Panegyrici
928 3738 1045 3797 auctor
1060 3731 1117 3795 diu
1130 3752 1167 3795 se
1190 3735 1236 3796 si·

129 3839 237 3903 luisse
261 3836 356 3901 initio
383 3835 475 3913 dicit,
501 3857 578 3900 cum
603 3845 714 3901 tamen
742 3837 924 3901 Eumenius
951 3835 1014 3898 hoc
1042 3836 1119 3916 ipso
1146 3855 1236 3900 anuo

130 3939 375 4024 Panegyricum
392 3938 533 4020 dixerit;
557 3945 627 4004 tum
643 3940 724 4023 quia
740 3940 887 4005 habitam
905 3960 924 4003 a
942 3959 977 4001 se
993 3955 1106 4000 coram
1119 3936 1236 4002 Maxi·

130 4043 242 4107 miano
257 4044 439 4108 orationem
455 4043 514 4119 ait,
529 4063 607 4126 quae
626 4063 691 4106 non
713 4049 818 4108 extat.
863 4041 930 4107 Sed
956 4046 991 4104 ut
1011 4039 1099 4103 hunc
1126 4046 1159 4104 et
1183 4061 1234 4104 se-

131 4152 271 4229 quentes
286 4146 373 4212 duos
389 4145 619 4230 Panegyricos
640 4146 805 4212 Eumeuio
824 4146 979 4223 tribuam,
994 4141 1076 4206 facit
1091 4146 1126 4207 et
1141 4143 1234 4207 sirni-
