2730 4726
192 300 279 367 1220
476 302 700 366 ulunnmn'r
725 315 1023 366 osunruursous

194 461 300 528 totins
333 462 448 528 mundi
482 462 665 544 funguntur
697 461 841 539 officiis:
874 479 942 525 non
972 461 1040 526 nisi
1076 467 1157 546 post
1189 462 1300 528 multa

195 566 324 632 saecula
357 573 449 630 certa
481 566 553 648 lege
586 574 774 649 temporum
808 564 988 630 convenire
1003 571 1049 628 ³¹¹*
1083 570 1197 629 restra
1227 563 1299 630 iam

192 663 299 734 libera
319 674 371 732 esi
389 675 422 732 et
447 669 546 732 beata
571 666 748 751 majestas,
770 673 808 731 ut
834 669 867 731 in
893 667 1033 732 summis
1055 669 1159 731 rebus
1181 668 1300 732 huma·

192 770 228 835 ni
261 771 344 834 nihil
373 770 472 835 vobis
503 790 644 834 necesse
675 773 730 851 sit,
758 770 824 834 nisi
859 777 980 835 vestrae
1014 789 1130 855 parere
1164 771 1298 854 pietati.

192 872 224 936 3.
250 872 415 951 Ceterum,
443 875 473 938 si
498 873 572 956 quis
599 873 643 936 ad
669 874 814 960 hnmana
838 873 1011 957 respiciat,
1034 879 1162 959 quanto
1190 874 1299 957 magis

193 978 389 1059 magnitudo
404 984 526 1042 vestroe
543 976 713 1041 felicitatis
729 979 917 1060 apparenti
963 977 1133 1042 Homines
1154 977 1300 1061 privatis

93 1096 95 1099 ’
192 1082 295 1146 rebus
318 1082 432 1146 intenti
456 1083 502 1146 ita
524 1080 721 1164 plerumque
742 1082 889 1163 propriis
911 1078 1165 1146 difficultatibus
1186 1078 1299 1164 impli-

194 1190 321 1261 cantur,
350 1194 388 1250 nt
413 1185 548 1249 omnino
574 1203 641 1247 non
667 1190 810 1246 vacent¹¹
838 1181 935 1246 aditu
961 1177 1104 1247 suorum.
1154 1175 1187 1245 d·
1212 1181 1299 1262 Vos,

177 1293 294 1353 ·tantae
316 1287 511 1370 reipublicae
530 1285 813 1350 administratione
826 1294 995 1368 suscepta,
1012 1305 1099 1369 quos
1114 1286 1179 1351 huc
1196 1293 1300 1370 atque

191 1389 274 1454 illuc
297 1395 346 1455 tot
367 1390 478 1465 nrbes,
494 1396 545 1453 tot
565 1396 692 1462 castra,
709 1394 761 1452 tot
776 1388 911 1464 limites,
926 1392 975 1452 tot
991 1388 1209 1472 circumjecta
1225 1388 1301 1454 Ro·

192 1510 293 1555 mano
313 1491 456 1575 imperio
476 1490 622 1567 flumina,
637 1499 783 1567 montes,
799 1489 913 1554 littora
930 1497 1066 1568 vocant,
1080 1495 1210 1555 tantum
1227 1492 1300 1556 auia

193 1594 258 1657 mis
279 1613 321 1658 ac
337 1592 469 1658 fortuna
488 1593 618 1669 valetis,
636 1600 675 1654 ut
699 1593 731 1654 in
753 1612 853 1655 unum
877 1593 1057 1658 convenire
1077 1594 1233 1676 possitis,
1251 1595 1299 1659 ni·

192 1694 373 1760 hilomiuus
387 1697 467 1760 orbe
483 1713 614 1759 securo.
658 1696 690 1758 5.
717 1694 836 1776 Neque
852 1687 940 1757 enirn
958 1714 1035 1778 pars
1052 1695 1121 1759 nlla
1136 1703 1299 1761 terrarum

192 1799 379 1883 majestatis
400 1807 521 1862 vestrae
543 1798 723 1882 praesentia
744 1795 867 1872 caret!
882 1797 984 1860 etiam
1001 1817 1074 1862 cum
1092 1798 1158 1881 ipsi
1175 1799 1300 1864 abesse

192 1903 386 1968 videamini.

237 2005 326 2071 One.
351 2021 433 2073 xrv.
466 2005 499 2069 1.
526 2003 581 2068 Ne
609 2003 774 2068 tantulum
800 2004 936 2088 quidem
962 2002 1113 2069 barbarae
1141 2005 1299 2071 nationes

224 2199 235 2225 e
253 2190 316 2246 Quin
329 2191 470 2240 intimando
484 2190 555 2238 utiles
565 2195 629 2239 sunt.
697 2187 715 2230 s
728 2189 868 2250 Maiestatis
879 2188 1072 2239 sestroe‘nmnine
1086 2203 1131 2238 non
1141 2166 1300 2246 memsam,

188 2399 266 2448 nolus
278 2400 348 2462 conj.
366 2399 407 2462 qui
424 2400 498 2448 totins
512 2401 604 2460 mundi,
615 2401 656 2462 dn.
685 2401 759 2455 Mox,
775 2404 905 2461 temporum
924 2397 999 2447 abest
1016 2399 1041 2446 in
1061 2398 1174 2461 Gnelplr.
1187 2407 1216 2450 et
1232 2402 1298 2451 Exc.

192 2466 268 2512 Voss.
295 2470 301 2492 ⁸
319 2465 404 2513 Vestro
422 2471 479 2526 tum,
491 2462 546 2526 lfa]
565 2466 677 2516 Quidam
697 2465 754 2515 libri
773 2465 869 2513 habent
882 2471 969 2524 tomen,
981 2464 1017 2511 ita
1029 2465 1143 2526 quidem,
1156 2472 1185 2513 ut
1198 2467 1241 2515 vel
1253 2482 1298 2516 ex·

191 2529 299 2581 cludant
312 2529 374 2578 iliud
385 2544 495 2593 sequens
507 2537 565 2584 tum.
578 2531 618 2578 rel
631 2540 766 2595 ritrnmqne
782 2529 934 2594 particulam
947 2529 1115 2593 conjungant,
1125 2534 1207 2579 restro
1218 2536 1298 2581 tannen

191 2599 240 2644 ton
252 2595 335 2651 libero.
350 2597 390 2655 irc.
408 2610 506 2654 rerum,
523 2609 581 2643 curn
599 2602 678 2644 tumen
696 2606 781 2645 ortmn
800 2595 919 2644 ridentur
936 2609 968 2641 eu
986 2599 1044 2655 tum,
1062 2593 1124 2642 illud
1136 2599 1216 2645 tamen
1228 2597 1296 2647 haud

185 2660 266 2711 ,inviti
286 2659 457 2709 dimittimus!
474 2660 596 2710 Sciwurz.
633 2661 718 2710 Vestra
731 2667 808 2710 iumen
824 2661 883 2709 edd.
901 2666 1004 2708 vettet
1017 2660 1053 2708 sio
1075 2660 1189 2708 Paterni.
1217 2667 1297 2717 oestro

191 2731 270 2775 lumen
282 2730 331 2774 inm
343 2726 438 2773 Cellsr.
464 2731 603 2774 vestratum
615 2726 691 2774 codd.
703 2727 814 2776 Putean.
825 2724 939 2786 Guelph.
954 2734 980 2772 st
995 2725 1059 2774 Ere.
1071 2725 1147 2773 Voss.
1163 2739 1223 2774 cnm
1236 2725 1297 2778 edd'.

191 2790 276 2839 Bnun.
288 2792 415 2840 Seiwsrz.
431 2798 457 2840 et
471 2791 568 2852 Jaeger.
577 2797 604 2838 et
616 2793 654 2840 sic
667 2791 736 2850 coni.
752 2791 835 2840 lirin.
863 2790 961 2839 Omnes
973 2797 1034 2838 ente
1046 2792 1136 2838 Annis.
1146 2789 1298 2859 ediderunt,

190 2861 217 2904 nt
228 2856 256 2904 in
268 2859 366 2906 summis
374 2858 443 2906 rebrrs
452 2857 547 2917 generis
557 2855 662 2906 mimoni.
696 2858 785 2905 Altera
797 2855 874 2905 tectio
887 2860 927 2902 est
944 2869 976 2902 ex
987 2853 1046 2903 eod.
1058 2855 1174 2917 Gneiplr.
1189 2862 1218 2904 et
1229 2853 1296 2907 Ere.

191 2920 317 2971 Voss—3
338 2922 397 2969 Pro‘
408 2927 496 2984 quanto
516 2921 604 2981 magn,
625 2923 709 2971 Lirin.
730 2922 796 2984 conj.
816 2935 862 2984 qno
879 2919 966 2979 nugis.
1000 2920 1073 2975 Mox,
1091 2925 1191 2983 opponet
1208 2922 1297 2983 legere

191 2987 262 3033 malit
281 2985 451 3034 Schwarzius.
472 2985 554 3034 Codd.
565 2986 687 3046 Puteum,
696 2992 721 3036 ul
733 2987 810 3035 omniu
819 2989 941 3034 evocarent
955 2984 1023 3032 aditu
1035 2999 1147 3040 suornm:
1162 2983 1232 3034 unde
1245 2987 1298 3047 ille,

172 3054 174 3058 '
191 3051 254 3096 omni
265 3064 315 3096 aevo
325 3055 431 3098 careant.
459 3050 537 3097 Grut.
551 3049 620 3111 conj.
632 3057 659 3099 nt
673 3053 768 3100 minime
784 3055 884 3107 nuceum
901 3047 1003 3098 Aeidnl.
1024 3051 1116 3097 omnino
1133 3063 1180 3098 non
1195 3057 1277 3101 nocem
1285 3068 1297 3111 ,·

183 3113 319 3162 Sclrwsrz.
331 3119 357 3161 nt
369 3114 463 3160 omnino
477 3119 581 3161 cursant.
611 3116 675 3162 Vide
696 3117 770 3162 Nott.
789 3117 914 3162 Vara-4
936 3113 992 3173 Vos,
1005 3116 1074 3162 tosto
1092 3113 1133 3161 ed.
1146 3113 1247 3178 Jaeger.
1274 3121 1298 3166 er

183 3181 288 3236 soriano
298 3179 412 3241 Guelplr.
430 3186 456 3225 et
474 3178 537 3227 Exn.
550 3178 626 3226 Voss.
661 3187 667 3207 ⁴
682 3178 807 3241 Potentia]
828 3177 893 3225 Hoc
905 3178 982 3226 lectio
994 3178 1112 3226 omnibus
1124 3177 1195 3227 libris
1208 3181 1298 3252 vulge-

193 3252 235 3301 ts;
252 3253 277 3290 st
301 3243 325 3290 in
345 3253 432 3291 nostro
451 3243 540 3291 codice
552 3256 600 3305 pro
614 3246 729 3307 potentin,
746 3244 876 3306 expressis
888 3243 993 3305 singulis
1006 3243 1097 3303 literis,
1109 3243 1236 3306 scriptum
1257 3252 1298 3299 esi

188 3309 326 3370 proesrnliu.
362 3308 437 3359 erod
454 3322 556 3368 nomen,
576 3322 657 3370 prope
669 3306 764 3371 stituit,
775 3309 835 3372 quin
850 3308 1041 3371 arripuerimus.
1076 3309 1106 3357 ln
1119 3309 1203 3357 altero
1215 3309 1297 3360 Gudii

191 3372 257 3421 libro
270 3387 301 3420 ex
314 3373 362 3420 alio
376 3373 486 3436 quodam
500 3374 590 3421 codice
608 3375 658 3421 Ms.
674 3388 720 3436 per
732 3373 911 3436 compendium
930 3373 1065 3435 scripturn
1085 3387 1142 3421 cum
1161 3377 1297 3437 superiore

193 3431 286 3485 lineola
299 3447 450 3486 annotatum
467 3445 517 3501 est,
527 3438 594 3500 prtia
602 3454 612 3496 ,⁴
629 3453 662 3486 ex
676 3452 728 3502 qno
744 3436 821 3487 facile
833 3438 972 3500 intelliges,
984 3439 1052 3485 uude
1069 3439 1220 3503 contigerit,
1232 3449 1261 3490 ut
1271 3442 1297 3489 in

192 3503 255 3617 plius
281 3503 360 3551 libros
381 3505 497 3566 potentio,
524 3504 560 3551 in¹
574 3504 636 3552 alios
655 3505 794 3566 prasentia,
821 3502 948 3552 nransrit!
974 3501 1102 3552 Scnwurz.'
1130 3503 1200 3554 Vide
1218 3505 1299 3559 Note.

221 3582 270 3616 srr.

700 3649 806 3700 NOTAE
867 3679 869 3682 ⁴

224 3752 242 3779 ¹¹¹
261 3738 405 3809 Conuenite]
422 3747 520 3796 ernnm
541 3746 569 3796 ei
587 3747 665 3795 solem
684 3746 723 3794 in·
763 3747 1013 3812 bitia,mroiitntin
1027 3746 1116 3796 eodem
1129 3747 1188 3797 coeli
1200 3756 1298 3812 puncto

193 3823 295 3872 tendum
315 3824 455 3873 convenire
471 3833 583 3887 oportet,
596 3822 722 3886 siquidem
763 3823 1155 3874 hacduosidemconreniuut.
1204 3823 1208 3840 ³
1288 3830 1290 3835 '

190 3899 259 3949 lunas
272 3900 340 3949 orlris
352 3901 460 3949 solarem
473 3893 617 3948 intersecet
626 3899 722 3948 induo·
795 3909 808 3935 ¹¹
823 3902 924 3950 Omnino
935 3916 981 3949 non
993 3906 1076 3950 nocent
1089 3899 1195 3964 [omnino
1201 3904 1297 3968 meent]

192 3977 239 4026 bus
258 3979 359 4040 punctis
370 3996 382 4038 ς,
395 3992 451 4042 quae
470 3979 537 4028 lnnae
557 3977 618 4026 nodi
635 3979 722 4040 appel·
764 3980 835 4044 Lege
852 3995 910 4028 eum
926 3978 1041 4029 Grutero
1054 3982 1082 4026 nt
1094 3979 1296 4038 minime'nooerrt.

192 4054 293 4115 lautur3
318 4061 431 4120 tuncque
458 4063 499 4104 est
524 4054 628 4118 eclipsis
652 4055 721 4110 solis,
765 4058 871 4106 velcnm
885 4055 1298 4107 Acidaliontomnr'nononoucent.

192 4129 251 4179 ium
274 4132 334 4181 luna
357 4135 381 4181 iu
402 4134 432 4182 iis
456 4133 561 4196 punctis
582 4132 721 4181 invenitur.
763 4124 832 4183 Nem
844 4133 934 4183 melius
947 4124 1296 4199 certeridetnrcumnege·

193 4205 260 4256 Qiria
274 4215 359 4256 autem
372 4209 414 4258 itta
426 4209 482 4274 ipsa
495 4212 589 4273 puncta
598 4215 656 4256 runt
667 4220 721 4256 mo·
763 4209 845 4258 tiones
