2730 4726
245 285 406 337 urrann
432 286 570 336 ranno.
594 285 860 337 consonarum
884 287 972 336 auc.
1010 287 1051 336 x.
1067 271 1099 339 l.
1142 270 1228 337 1439

163 445 256 483 xxxv.
270 431 335 497 quid
346 446 397 482 non
408 438 549 496 expectare
562 438 691 495 praterea
706 430 769 481 urbo
781 430 878 480 debeat
896 445 911 479 a
928 429 1092 481 Caesaribus?
1125 430 1228 482 Utrim-

163 529 214 579 que
226 512 352 564 fortitudo
363 520 390 562 et
402 512 502 563 bonitas
514 512 622 563 mirifice
634 512 768 574 landatur,
780 527 838 577 cap.
852 525 953 561 xxxv1.
1269 510 1270 515 ’

129 595 163 646 Iu
175 594 238 659 fine,
249 602 309 659 port
320 600 372 644 tam
383 595 464 644 muita
473 596 607 658 sapienter
617 610 633 644 a
642 594 813 646 Constantino
824 594 953 650 ordinata,
962 592 987 642 id
999 592 1140 658 optandum
1148 608 1228 644 unum
1325 588 1327 591 ’

129 665 131 671 ’
163 676 239 740 dicit,
250 684 279 726 ut
290 691 322 726 ea
332 683 461 742 perpetua
471 677 535 740 rint,
544 691 602 742 cap.
614 689 742 727 xxxvnr.

131 916 225 982 Car.
246 934 272 981 1.
315 919 346 984 1.
374 889 590 980 Drc'roaus
606 914 821 982 Constantini
832 916 1088 999 augustissimas
1098 916 1229 998 lauden,

129 1021 191 1103 qui
220 1027 349 1087 tantum
371 1021 459 1087 ultra
482 1019 627 1085 omnium
659 1020 860 1084 saeculorum
888 1019 1066 1103 Principes
1090 1021 1228 1100 eminet,

131 1119 609 1210 quantumaprivatis⁶ceteri
618 1122 795 1206 Principes
805 1129 1022 1200 recesserunt,
1034 1130 1069 1189 et
1080 1121 1229 1189 dicturus

129 1224 165 1288 in
181 1233 272 1291 coetu
287 1227 483 1310 gaudiorum
494 1224 726 1302 exultantium,
742 1229 777 1288 et
790 1224 920 1290 laetitiae
936 1226 1118 1308 gestientis,
1128 1246 1229 1310 quam
1308 1309 1310 1313 Ι

131 1329 388 1394 cumulatiorem
401 1329 502 1393 solito
513 1328 783 1392 beatissimorum
793 1325 968 1393 Caesarum
978 1327 1230 1414 quinquennia⁵

130 1431 243 1515 prima
256 1433 419 1509 fecerunt,
436 1431 557 1508 sentio,
571 1429 697 1495 nullam
712 1430 940 1515 eloquentiam
954 1450 1016 1496 nec
1031 1432 1151 1516 optari,
1167 1452 1230 1498 nec

131 1535 267 1620 concipi
282 1555 395 1619 posse,
410 1555 487 1620 quae
502 1533 635 1616 dignam
650 1533 764 1599 afferat
779 1542 839 1599 aut
850 1535 991 1619 tempori
1004 1535 1156 1618 gratiam,
1171 1541 1231 1599 aut

130 1638 284 1703 materiae
298 1639 441 1720 copiam,
458 1641 517 1701 aut
530 1637 651 1702 vestris
668 1635 791 1701 studiis
811 1636 1019 1704 facultatem.
1062 1637 1094 1702 2.
1115 1636 1139 1703 J
1141 1642 1232 1704 aetat

131 1740 260 1825 quippe
277 1759 314 1805 se
327 1759 414 1804 nunc
430 1759 505 1804 cum
520 1739 665 1804 maxime
680 1738 806 1803 alacris
830 1740 975 1804 omnium
999 1759 1040 1805 ac
1059 1741 1160 1805 beata
1174 1739 1231 1804 de·

130 1842 237 1906 votio.
282 1842 357 1908 Nec
381 1848 498 1926 operta
519 1840 704 1906 mentium⁶
726 1841 839 1905 rimari
863 1861 1002 1906 necesse
1016 1848 1113 1923 est;⁰
1135 1848 1231 1908 extat

116 1944 166 2011 in
181 1944 276 2008 vultu
296 1943 462 2029 cujusque
480 1942 660 2006 hilaritatis
682 1943 827 2026 publicae
852 1942 968 2023 decus,
988 1953 1023 2009 et
1045 1947 1080 2010 in
1104 1946 1230 2011 serenis

128 2045 296 2138 frontibus
311 2047 495 2111 animorum
512 2043 641 2109 indicia
655 2045 880 2128 perleguntur.
923 2047 956 2111 3.
979 2045 1062 2112 Non
1083 2047 1227 2136 enimse

131 2151 227 2237 capit
240 2150 443 2228 exundantis
465 2149 595 2215 laetitiae
613 2147 819 2231 magnitudo,
836 2149 909 2229 sed,
925 2150 1105 2234 dedignata
1118 2157 1229 2238 pecto·

130 2273 205 2318 rum
220 2252 380 2331 latebras,
394 2252 446 2316 ita
460 2251 564 2316 multa
584 2256 618 2318 et
636 2250 784 2318 eandida
797 2251 880 2318 foris
895 2255 1067 2338 prominet,
1082 2261 1120 2321 ut
1133 2255 1230 2322 intel-

162 2462 176 2487 ·
192 2453 277 2519 Nepae
287 2469 345 2520 epm
358 2459 396 2505 eet
404 2454 509 2505 temtari
519 2453 616 2504 intimos
627 2453 702 2504 oaimi
713 2468 824 2504 racemo.

589 2598 768 2621 ”unauna

163 2700 232 2751 Car.
243 2713 264 2749 ι.
292 2704 305 2750 l
323 2699 429 2750 Puteol.
448 2701 566 2750 Rhenun.
577 2699 614 2750 H·
630 2700 721 2764 Steph.
741 2699 825 2770 [pinio.
841 2699 929 2751 Rivin.
940 2701 972 2750 ai.
986 2704 1049 2751 vett.
1059 2697 1231 2750 maniaticum

130 2765 220 2824 rodim
237 2766 299 2814 vot.
311 2765 424 2815 Puteen.
433 2767 495 2815 Vet.
506 2765 591 2815 Licin.
603 2767 705 2815 Bertin.
714 2767 778 2816 Erre.
790 2767 872 2828 Leng.
884 2767 949 2816 Exc.
960 2766 1104 2816 Schonhor.
1117 2765 1230 2827 Gneiph.

129 2830 218 2880 Moerl.
229 2830 336 2893 Coepin.
347 2830 425 2881 Grot.
436 2836 464 2881 et
473 2838 585 2880 recentt.
612 2833 788 2881 amantiorem
798 2833 868 2881 colito
875 2847 886 2890 ,·
898 2841 925 2882 et
935 2833 972 2881 aio
984 2831 1034 2894 tegi
1040 2830 1119 2894 jussit
1130 2829 1232 2878 Acidal.

127 2894 322 2960 primosecerant
338 2895 441 2947 Puteoi.
458 2897 575 2946 Rhenan.
593 2895 686 2960 Steph.
703 2897 787 2947 Livio.
801 2897 888 2946 Rivin.
913 2897 1107 2962 primoseceruat
1119 2894 1232 2959 Guelph.

128 2961 194 3011 Vct.
217 2960 329 3010 Putean.
351 2962 413 3010 Vet-
434 2962 517 3011 Lirin.
540 2961 642 3011 Bertin.
662 2963 728 3012 Ere.
746 2963 827 3026 Laug.
846 2963 952 3025 Caepio.
971 2962 1049 3013 Grnt.
1072 2968 1100 3011 et
1119 2966 1232 3010 receutt.

129 3024 226 3074 dontio
246 3026 335 3074 aulum
351 3026 468 3076 Rhenan.
488 3027 579 3090 steph.
598 3035 626 3076 et
641 3027 675 3076 ol.
690 3033 755 3076 vett.
770 3027 848 3077 etiam
864 3028 950 3077 Riviu.
976 3026 1053 3078 centio
1068 3026 1158 3077 nulum
1168 3025 1232 3076 Ver.

128 3089 245 3140 Putean.
257 3091 321 3140 Ere.
330 3090 473 3143 Sehonhov.
486 3093 584 3156 primos
595 3092 696 3154 recepit
707 3092 791 3142 Licin.
801 3092 862 3142 iude
874 3093 953 3143 Grut.
964 3100 991 3142 et
1003 3098 1115 3143 recentt.
1138 3106 1180 3141 uec
1191 3105 1231 3154 op-

129 3155 181 3204 teri
192 3155 286 3206 derunt
302 3157 328 3206 in
347 3164 456 3220 utraque
473 3159 611 3208 Bitia-2
627 3158 739 3218 Goeiph.
751 3165 779 3208 et
790 3158 877 3206 Moerl.
902 3159 990 3208 dorum
1001 3159 1105 3208 omnium
1116 3157 1231 3206 studium.

129 3220 216 3272 Lirin.
228 3221 306 3273 Grnt.
317 3222 401 3273 Parin.
411 3223 507 3274 cellar.
518 3222 635 3287 Pater-ol.
655 3222 752 3286 judicio
760 3225 925 3288 palegaatar
931 3239 942 3283 ,·
952 3224 1014 3274 Vet.
1026 3224 1110 3274 Lirin.
1123 3222 1231 3287 Cuspio.

623 3385 735 3438 NOTAE

162 3490 176 3518 ⁸
192 3481 586 3548 Quamnammoffloipeom
594 3486 660 3536 Gra·
702 3486 746 3542 tio,
761 3499 825 3551 quor
845 3483 1030 3536 constantinus
1049 3489 1231 3547 corumpatur

128 3561 217 3628 gerim
227 3560 480 3626 MagnutdeGatiiae
490 3561 593 3624 regibus
604 3561 661 3611 dix·
701 3570 763 3612 ante
781 3562 894 3627 quinque
913 3576 993 3611 annor
1011 3562 1128 3625 Cauarae
1144 3559 1231 3624 derig-

95 3649 97 3653 ’
128 3640 151 3691 it
164 3638 214 3702 Ep.
225 3651 252 3687 v·
262 3641 287 3699 6,
300 3635 332 3686 ad
341 3635 537 3687 childebertum
549 3638 661 3688 Franco·
701 3644 786 3687 naret.
812 3638 851 3687 Ex
864 3653 914 3703 quo
924 3639 982 3688 loeo
995 3645 1138 3701 potamon
1149 3636 1231 3700 impc-

129 3729 187 3766 rum
206 3728 310 3777 regem:
326 3710 469 3769 ‘Quanta’
484 3712 579 3776 inquit,
599 3721 661 3764 ‘ce·
702 3721 815 3763 natorum
832 3712 908 3763 modo
925 3714 1133 3780 quinquennalia,
1150 3718 1179 3762 ot
1197 3710 1232 3760 ad

127 3801 201 3841 teron
211 3788 325 3838 nominer
345 3788 416 3850 regia
428 3787 541 3851 digniter
554 3793 661 3838 antece·
701 3791 800 3851 Puneg.
808 3804 854 3840 ιιι.
865 3797 920 3840 not.
930 3797 943 3824 ⁸
953 3790 1155 3852 observavimus,
1163 3788 1232 3838 eele-

128 3869 180 3924 dit.
200 3872 276 3918 tanto
286 3871 432 3916 ceterarum
443 3863 560 3926 gentium
572 3878 661 3929 regno,
703 3865 771 3918 brari
784 3867 870 3929 tolita,
881 3867 927 3917 aed
939 3874 966 3917 et
977 3867 1119 3917 Cauarum.

128 3944 205 4010 regni
222 3943 303 3994 ventri
321 3940 438 4008 profecto
454 3941 556 3991 culmen
575 3944 660 3993 excel·
733 3953 744 3980 ⁰
761 3946 851 4009 operto
870 3943 994 4007 matiam]
1010 3945 1047 3994 Ut
1064 3942 1168 3993 ‘amera
1185 3957 1232 3993 cn·

116 4021 182 4079 -lit'
701 4021 815 4083 mrumst
842 4023 956 4072 ‘abdita
978 4020 1144 4081 terrarum3'
1168 4035 1230 4069 mox

162 4097 176 4133 b
199 4098 321 4148 Catum
352 4096 522 4163 quinquennio]
563 4097 680 4163 erupi,···
699 4097 955 4164 ‘optatarotorum’
987 4097 1230 4164 Jamuemeratque

128 4174 479 4250 Conttmtlni,.Conatantii,
493 4182 521 4228 et
532 4175 659 4229 consino·
699 4177 793 4230 iterum
806 4175 950 4230 observavi.
