2730 4726
121 274 209 340 1502
365 286 586 337 transnatat
611 253 842 337 cnarranu'ss
871 288 983 337 aurio

156 437 229 497 toris,
241 433 315 497 cnjus
326 431 351 480 in
363 430 482 481 fovendis
493 431 585 495 titurio,
598 431 803 498 revocatisque
813 432 914 484 ortibus
923 433 1038 486 arntiam
1050 438 1223 501 commendat,

156 533 215 581 usp.
228 529 314 565 xxnr.
331 516 356 563 iu
368 514 481 564 omniurn
499 514 592 563 anisnis
605 513 654 564 sibi
670 515 837 565 conciliandis
855 514 1017 575 industriam,
1035 531 1095 582 cup.
1112 531 1183 569 xxv.
1197 522 1222 570 iu

157 596 284 660 eligendis
295 597 384 646 suricis
395 595 569 660 prudentiam,
579 596 605 644 in
616 596 721 647 eosdem
732 595 821 660 fidem,
830 612 890 661 cup.
902 610 985 648 xxvi.
1000 598 1027 647 iu
1038 615 1141 651 summo
1150 603 1224 652 hono·

158 695 214 728 rura
225 680 301 742 apios
313 677 475 742 modestiam,
486 678 511 726 in
529 676 704 727 condonandis
722 677 821 742 injuriis
838 679 1009 738 clementiam,
1020 694 1079 746 cap.
1092 695 1185 733 xxvrr.
1195 698 1223 749 sc

157 762 288 825 praecipus
299 759 453 824 singularum
465 759 492 810 in
503 773 532 808 sc
540 765 568 809 st
578 759 703 827 rotlspsrn
714 758 910 813 humanitatem.
941 784 948 794 ·

124 846 157 896 ln
168 843 220 893 fios
236 843 349 906 deniqne
361 840 463 917 accepti
478 855 494 889 a
512 848 585 891 ttuto
602 841 758 904 Imperatore
773 839 895 892 beneficii
912 855 1043 906 nunqnam
1062 841 1181 894 futurum
1197 859 1223 894 rc

157 927 330 976 immemorem
342 923 489 987 pollicetur,
501 937 560 988 cap.
573 935 657 973 xxxi.

127 1164 217 1229 Gau.
240 1178 265 1224 1.
302 1160 334 1225 1.
357 1131 463 1220 Ftrsl
480 1155 562 1234 scio,
578 1161 622 1233 tc,
639 1153 836 1238 Imperator,
852 1162 887 1220 ct
901 1162 1055 1234 cunctos,
1072 1156 1133 1242 qui
1150 1177 1224 1222 con·

126 1267 240 1331 silium
261 1269 352 1327 tunm
373 1257 604 1344 participant·
623 1276 726 1340 posse
739 1257 862 1335 rnjrsri,
878 1256 971 1341 quod
984 1278 1076 1324 nunc
1092 1260 1225 1325 demum

127 1369 255 1453 gratias
270 1384 367 1448 agero
383 1380 526 1428 exorsus
541 1361 617 1437 situ,
633 1360 732 1444 quasi
746 1359 913 1425 beneficia
927 1363 960 1425 iu
975 1381 1028 1426 me
1043 1369 1226 1447 tuacoepo·

127 1471 194 1535 rint
209 1487 231 1531 a
252 1463 471 1529 consulatur·
490 1460 621 1527 fatebor
643 1466 767 1538 tumen,
787 1458 881 1543 quod
903 1459 1035 1545 ingenii,
1059 1461 1160 1546 cujus
1178 1481 1227 1525 me

81 1558 84 1563 ’
127 1571 280 1656 poenitet,
301 1562 484 1639 consciust
506 1562 606 1625 ctiam
629 1579 720 1625 nunc
744 1567 854 1627 tacere
876 1561 1071 1640 voluissem,
1095 1571 1132 1628 ot
1153 1584 1227 1648 pro·

128 1691 287 1756 rumpens
306 1669 387 1732 licet
400 1665 499 1749 hujus
513 1664 659 1728 muueris
675 1664 835 1746 gaudium
849 1665 936 1730 intra
950 1684 1083 1730 arcanus
1099 1666 1227 1731 laetitiae

129 1774 367 1844 conscientiam
382 1766 546 1832 coiirccrc.
590 1767 624 1829 2.
647 1765 715 1831 Sed
731 1767 804 1831 siro
818 1786 962 1832 errorem
975 1775 1144 1847 nostrum,
1160 1770 1228 1833 sivo

130 1878 313 1952 consilium,
336 1875 506 1953 congesta,
521 1877 555 1933 ct
567 1877 768 1934 coacervata
787 1871 821 1933 iu
843 1890 944 1934 unum
958 1869 1128 1936 beneficia
1142 1873 1229 1937 nice·

130 1990 214 2057 runt,
226 1987 327 2061 atquc
338 1977 371 2039 in
386 1973 420 2037 id
437 1970 633 2055 rodogomot
648 1971 857 2039 necessitatis
867 1972 1089 2054 ambiguam,0
1103 1981 1142 2038 ut
1152 1973 1230 2038 mihi

130 2096 192 2155 ant
209 2078 373 2154 indiserti,
388 2081 448 2141 sut
470 2072 590 2157 ingrati
613 2085 705 2143 esset
724 2073 815 2141 fama
835 2072 1019 2152 subeunda,
1033 2074 1143 2165 malui
1163 2077 1231 2141 oto·

131 2186 301 2276 quantiam
314 2180 556 2265 potiusquam
569 2177 731 2261 pietatem
746 2195 826 2259 erga
836 2181 879 2251 to,
891 2173 1109 2260 officiumque
1120 2197 1231 2242 mcum

132 2284 326 2358 desiderari.
370 2282 403 2345 3.
426 2280 469 2344 Et
488 2297 570 2342 sano
589 2281 624 2343 in
642 2278 695 2342 his
709 2278 906 2356 honoribus,
922 2278 1047 2363 quibus
1068 2298 1125 2343 me
1140 2281 1231 2364 prius

131 2397 342 2463 honestaras,
354 2384 460 2448 minor
475 2402 551 2447 csso
566 2402 671 2446 causa
682 2382 726 2447 ad
743 2381 887 2464 agendas
901 2381 1026 2465 gratiss
1039 2381 1230 2450 videbatur.

165 2578 176 2601 ⁶
195 2568 244 2624 Qui
254 2565 300 2616 tibi
308 2569 362 2615 suot
375 2579 391 2612 o
401 2559 516 2611 consiliis.

166 2633 177 2666 ⁶
194 2634 263 2690 Quod
273 2633 377 2680 conscios
385 2627 510 2678 tenuitatis
517 2624 609 2688 ingenii
620 2629 675 2692 ma,
685 2628 753 2689 cajus
763 2627 882 2693 mpiger.

165 2708 176 2733 0
193 2694 492 2756 Necessitatirongsttias.

585 2784 768 2807 ene-nonno

165 2896 280 2946 Titulum
292 2908 324 2942 ex
337 2888 499 2941 saoconna
516 2887 616 2952 profert
629 2888 797 2946 schwartius,
813 2889 954 2938 Mamertini
968 2889 1077 2943 Cossutio
1091 2891 1233 2945 Gratiam

133 2963 206 3012 Actio
224 2962 253 3009 de
269 2975 311 3008 suo
324 2957 453 3007 constrictu
471 2955 536 3003 dictu
555 2954 619 3003 Dico
640 2954 739 3002 datiano
755 2969 846 3018 semper
862 2955 981 3016 Augusto.
1013 2954 1129 3005 Brevior
1148 2966 1190 3007 est
1210 2961 1234 3006 iu
1259 2955 1262 2961 ’

133 3030 195 3076 Ver.
209 3026 320 3074 Poteau.
354 3020 496 3071 Mamertini
508 3020 650 3069 Gratiarum
660 3019 733 3068 Actio
746 3021 811 3069 disto
825 3021 932 3069 Jstiaoo.
968 3021 1125 3071 Praenomon
1140 3023 1236 3073 ctosdii

133 3094 208 3142 deest
220 3092 245 3139 in
256 3089 317 3139 edri.
328 3098 389 3136 ants
398 3087 497 3148 Joeger.
1001 3089 1003 3093 ’

168 3159 235 3207 Car.
247 3170 267 3206 1.
301 3151 578 3218 llmprraroraogoste
593 3147 695 3197 Bestia.
728 3149 959 3203 exosssssosodd.
977 3151 1234 3216 anteJagsr.qnte

135 3223 241 3284 crispin.
259 3222 360 3283 recepit
378 3232 477 3268 exorsus
492 3216 546 3264 sim.
585 3214 689 3263 Puteol-
706 3214 821 3265 Rirsnan.
835 3215 925 3281 Stepir.
945 3216 1030 3264 Lirin.
1050 3216 1139 3269 Ririn.
1151 3220 1176 3266 ia
1187 3226 1236 3268 tom

134 3303 227 3337 ursonoe
237 3303 247 3345 ;
272 3287 334 3334 Vet.
347 3286 458 3334 Putesn.
474 3283 535 3330 Vet.
553 3279 634 3328 Livio.
653 3279 753 3328 Bertiu.
775 3281 840 3329 liar.
857 3281 1000 3330 Schuniror.
1018 3282 1108 3331 Moeri.
1121 3283 1235 3349 Gnetptr.

135 3369 194 3402 carn
207 3350 267 3399 edd.
278 3352 355 3400 Grut.
366 3357 392 3398 et
411 3355 525 3397 rscsott.
536 3346 602 3394 intro
617 3359 728 3401 πωπω
754 3346 859 3410 Caspio.
872 3349 898 3395 io
907 3347 947 3394 iro
961 3351 1116 3396 urrann-2
1127 3348 1176 3398 &a
1185 3365 1236 3398 m

135 3421 185 3469 rios
197 3417 266 3480 conj.
277 3416 360 3465 Lirin.
385 3415 444 3464 s‘trrr.
456 3412 478 3462 b.
488 3413 604 3470 oisemo,
615 3427 639 3460 o.
655 3410 681 3458 itt
693 3412 720 3458 id
732 3412 868 3472 redegerint
879 3412 952 3461 malit
963 3411 1031 3460 idem
1044 3412 1129 3461 Lirin.
1164 3416 1236 3474 Mox,

135 3500 180 3548 pus
191 3483 266 3533 deest
277 3491 336 3543 post
347 3480 449 3546 officim
460 3480 485 3527 in
499 3476 610 3539 (iosiph.
622 3474 691 3525 uude
709 3473 804 3527 Arata.
823 3476 892 3541 conj.
907 3477 1075 3540 pittatissrga
1087 3483 1111 3529 te
1126 3481 1235 3545 officinm.

136 3554 184 3601 -3
197 3550 231 3598 Et
242 3547 311 3608 some
321 3544 433 3606 Gnoiph.
457 3540 818 3603 maestorisPoteot.Cosp1n.
832 3541 946 3591 Rherran.
956 3543 1046 3605 Stcpir.
1055 3543 1141 3591 Lirin.
1152 3547 1235 3594 Rivtn.

138 3616 171 3665 ai.
185 3621 249 3663 vett·
274 3612 412 3660 torostoros
423 3609 485 3658 Vct.
498 3608 609 3657 Putaun.
621 3605 723 3653 Bestia.
735 3607 945 3672 Moerl.Gueiph.
958 3609 1035 3658 Grut.
1047 3618 1075 3657 et
1088 3621 1202 3662 recena,
1212 3616 1236 3658 ρ(

631 3770 740 3822 NOTAE

170 3893 329 3957 ¹Cnperist‚
345 3909 361 3942 o
377 3888 512 3951 totostoto]
528 3887 587 3941 Jsm
610 3887 666 3936 Ma·
707 3889 823 3939 cumolos
840 3887 962 3939 accessit.
995 3886 1238 3949 Quartinirarsp.

137 3976 263 4025 martinus
282 3972 367 4022 orarii
385 3967 569 4034 proefscturam
590 3967 666 4018 aJu·
707 3978 770 4016 xxt.
788 3966 870 4017 ‘Cum
883 3979 924 4015 mc
940 3971 1048 4028 propter
1059 3965 1188 4015 tantillum
1201 3967 1240 4013 in·-

138 4052 208 4101 iisno
220 4051 337 4112 Angusto
349 4045 557 4112 acceperat,jam
570 4051 667 4108 prato·
706 4042 834 4093 nocentis
858 4043 976 4093 mettium
994 4054 1045 4090 uuo
1066 4040 1091 4090 in
1111 4057 1181 4093 anuo
1199 4054 1238 4092 ter

140 4130 179 4178 rio
198 4142 245 4192 per
261 4129 394 4193 Illyricum
411 4124 551 4190 proiectus
565 4122 668 4184 fuerat3
708 4118 795 4170 videat
808 4114 979 4170 honoratum!

141 4221 199 4258 curn
220 4207 365 4257 consulatus
389 4204 470 4255 vetuti
490 4208 530 4253 tot
545 4201 668 4253 honorum
