2730 4726
183 268 273 360 '1120
545 309 688 360 uncant
714 310 923 361 nuenario.

187 453 407 534 Schenckius,
436 451 613 518 Professor
641 455 804 518 bonarum
834 454 1001 517 literarum
1027 452 1062 516 iu
1093 450 1287 536 Gymnaslo

188 555 487 640 Norimbergensi,¹
502 576 602 640 quem
625 576 690 620 nnn
715 557 818 620 modo
841 563 976 640 propter
998 555 1169 619 innumera
1185 556 1287 618 hene*-

187 658 344 723 volentiae
358 658 510 742 pignora,
525 676 569 721 ex
589 657 648 721 illo
663 657 740 723 inde
756 665 918 741 tempore,
934 675 1003 739 quo
1019 656 1155 736 collegii
1169 656 1288 720 vincu-

186 757 221 824 lo
238 760 534 844 conjungebamur,
556 759 745 834 colendum,
765 759 827 823 sed
849 765 885 821 et
905 757 1154 840 copiosissimae
1175 756 1287 819 crudi·

187 861 300 937 tionis,
316 862 562 946 insigniumque
577 861 766 926 meritorum
782 860 917 925 nomine
939 859 1187 943 suspiciendum
1205 855 1287 921 mihi

188 983 265 1028 esse
280 983 411 1049 semper
426 983 498 1047 prae
516 983 569 1028 me
584 963 656 1042 tuli,
671 982 733 1027 nec
748 980 893 1045 unquam
909 959 1098 1044 praedicare
1114 960 1287 1024 desistam.

188 1064 418 1132 Accesserunt
449 1065 569 1130 deinde
594 1065 703 1149 plura,
730 1084 822 1148 qnae,
843 1063 939 1128 hisce
969 1060 1224 1138 Schenckianis,
1253 1066 1289 1126 et

186 1169 271 1235 meis
296 1168 588 1234 observationibus
612 1168 854 1251 posterioribus
879 1166 1059 1250 permixta,
1084 1164 1140 1228 hic
1165 1183 1287 1247 expro-

186 1290 275 1336 mere
291 1271 400 1336 visum
415 1276 476 1336 est.
522 1270 673 1347 Scilicet,
688 1270 776 1335 libro
791 1270 857 1335 hoc
872 1270 906 1333 in
922 1269 1028 1333 lucem
1044 1267 1184 1343 emisso,
1201 1265 1287 1330 indi-

187 1382 338 1440 catumm
362 1374 435 1459 ejus
460 1371 552 1437 dedit
574 1372 624 1436 vir
643 1372 764 1436 doctus
783 1373 817 1436 in
833 1369 1045 1435 Bibliotheca
1060 1368 1286 1450 Philologica,

186 1474 315 1559 Lipsiae
329 1475 419 1559 typis
435 1492 575 1552 excusa,
592 1473 773 1558 attulitque
799 1492 867 1537 non
890 1491 1011 1557 panca,
1027 1472 1151 1555 quibus
1174 1478 1287 1535 textus

187 1575 473 1661 Panegyricorum
498 1577 570 1642 fieri
588 1582 710 1661 'posset
732 1575 947 1641 emendatior.
1000 1573 1083 1639 Non
1105 1574 1156 1636 ita
1181 1572 1288 1636 multo

186 1684 265 1763 post
279 1679 329 1742 vir
343 1679 508 1744 literarum
521 1678 660 1744 scientia
675 1678 987 1762 praestantissimus,
999 1674 1123 1741 Daniel
1133 1673 1289 1757 Wytten·

187 1778 285 1858 bach,
302 1780 335 1843 iu
350 1779 564 1844 Bibliotheca
586 1779 712 1845 Critica
726 1775 1033 1844 Amstelodamensi
1050 1776 1093 1841 de
1107 1797 1197 1842 nova
1212 1777 1288 1841 illo·

188 1899 258 1946 rum
274 1883 419 1947 editione
435 1883 481 1946 ita
496 1881 669 1965 exposuit,
684 1888 721 1945 ut
743 1881 831 1945 locis
848 1878 1025 1964 permultis
1040 1877 1221 1963 plurimum
1236 1878 1289 1941 lu-

188 1984 237 2049 cis
254 1984 484 2068 impertiretur.
528 1982 712 2047 Praeclaris
739 1982 833 2048 hisce
856 1980 1130 2047 annotationibus
1146 1982 1210 2045 etsi
1227 2000 1291 2064 op·

188 2085 326 2151 labilius
352 2087 479 2151 eratin
504 2105 594 2151 nova
621 2085 903 2170 Panegyricomm
928 2084 1074 2150 editione
1097 2084 1147 2147 uti
1175 2103 1290 2166 posse,

188 2189 349 2272 quonium
372 2194 482 2255 tamen
504 2188 650 2253 facultas
672 2189 746 2272 ejus
767 2188 927 2254 iterandae
950 2188 986 2252 iu
1009 2187 1139 2251 incerto
1164 2192 1229 2264 est,
1256 2191 1291 2250 et

101 2292 105 2299 '
186 2289 276 2354 bona
287 2309 366 2374 pars
378 2309 613 2374 possessorum
624 2291 704 2356 'libri
720 2291 908 2375 dispersam
921 2290 1153 2356 collectionem
1169 2308 1291 2371 grava·

188 2403 250 2471 tur,
266 2392 452 2458 iaciendum
467 2393 596 2477 putavi,
619 2397 657 2455 ut
681 2412 749 2470 eas,
772 2393 917 2477 adjectis
936 2392 1018 2471 illis,
1033 2411 1109 2474 quae
1124 2392 1201 2474 ipse
1216 2391 1291 2454 ani·

178 2493 453 2567 'madvertissem
468 2495 516 2560 ita
532 2495 623 2580 typis
638 2497 833 2578 exscriptas
851 2495 1069 2580 publicarem,
1085 2501 1124 2557 nt
1138 2494 1205 2578 illis
1229 2513 1292 2557 ex·

187 2595 406 2680 emplaribus,
427 2615 504 2680 quae
530 2602 724 2679 superarent
746 2597 857 2661 adhuc
873 2598 908 2661 in
928 2597 1087 2675 tahemis‚
1103 2596 1214 2659 statim
1231 2601 1290 2682 ad-

182 2697 291 2782 jungi,
318 2698 386 2763 illis
406 2716 497 2776 vero,
524 2716 602 2782 quaa
622 2697 696 2782 jam
718 2698 891 2764 divendita
906 2706 1021 2764 essent
1038 2705 1074 2762 et
1095 2705 1290 2780 compacta,

188 2807 324 2867 exemia
340 2799 543 2865 Praesatione
557 2800 678 2883 priore,
700 2800 801 2864 inseri
826 2808 977 2884 possent.
1023 2799 1102 2864 Ida
1123 2800 1291 2883 bibliope-

187 2922 240 2986 gn,
257 2904 338 2969 artis
363 2900 445 2970 suae
459 2904 541 2969 sutis
563 2902 679 2985 perito,
702 2903 775 2967 sine
794 2903 863 2967 ullo
884 2903 962 2968 libri
981 2902 1291 2979 dehonestamento,

189 3004 262 3069 fieri
286 3024 390 3089 posse
407 3022 476 3070 'usu
499 3011 705 3089 compertum
728 3014 792 3070 cst.
837 3004 1130 3084 Quemadmodum
1149 3006 1289 3072 uomina

189 3104 424 3190 Interpretum,
439 3124 579 3188 quorum
596 3108 767 3170 annotatio
791 3109 899 3171 textui
922 3108 1074 3191 subjecta
1089 3114 1153 3184 est,
1169 3109 1289 3191 primis

191 3207 261 3271 iere
284 3207 390 3273 literis
415 3205 566 3292 (scilicet
588 3205 632 3272 A.
653 3205 845 3286 Acidalius,
866 3209 908 3274 B.
933 3210 1098 3287 Baunius,
1120 3210 1160 3276 C.
1175 3209 1289 3275 Cella-

187 3313 268 3386 rius,
291 3307 336 3374 G.
353 3307 528 3388 Gruterus,
551 3308 586 3374 J.
603 3309 627 3374 J
630 3316 754 3390 uretus,
777 3309 816 3375 L.
833 3309 1017 3390 Livineius,
1031 3312 1109 3378 Pat.
1125 3312 1290 3390 Patarols,

188 3410 231 3476 P.
245 3408 299 3474 vel
314 3410 391 3476 Pur.
407 3410 594 3488 Puteanus,
609 3411 646 3477 S.
661 3412 899 3494 Schwarzius,)
923 3415 1058 3497 signata
1077 3420 1164 3492 snut,
1184 3415 1235 3481 ita
1254 3423 1291 3481 et

189 3512 244 3576 hic
259 3513 352 3594 siglis
368 3512 404 3580 S.
421 3513 494 3578 BP.
511 3521 547 3579 et
567 3515 639 3581 BC.
659 3514 729 3580 Cel.
743 3514 982 3596 Schenckium,
997 3525 1032 3581 et
1047 3517 1140 3582 viros
1154 3517 1289 3596 doctos,

187 3635 330 3699 quorum
345 3616 429 3682 alter
442 3616 475 3682 in
491 3618 707 3685 Bibliotheca
722 3618 944 3703 Philologice,
957 3621 1041 3686 ulter
1054 3623 1090 3685 in
1104 3621 1289 3688 Bibliothe-

187 3736 229 3781 ca
260 3715 387 3781 Critica
416 3720 618 3784 sententiam
655 3720 697 3785 de
726 3721 789 3785 hac
815 3719 1099 3807 Panegyricorum
1128 3723 1290 3789 Editione

187 3818 286 3897 dixit,
313 3817 480 3885 indicabo.
537 3820 612 3886 Scr.
646 3821 864 3889 Altdurfiia.
893 3824 926 3891 d.
959 3840 1080 3890 xxm.
1117 3825 1291 3907 tannarii,

189 3936 357 3987 unccxc.

329 4126 332 4133 Δ
370 4086 389 4135 ἴ
398 4098 465 4153 linc
477 4101 529 4154 suis
536 4102 591 4168 jam
604 4104 667 4157 loch
679 4106 801 4172 leguntur
812 4109 888 4160 Notis
898 4109 1005 4160 inserta.
1019 4109 1107 4161 Arata.
