2730 4726
131 284 220 358 {aar
329 260 424 355 vrrs
438 301 614 356 -norrsan
637 304 663 355 i
685 305 719 354 u.
742 305 780 354 o.
799 304 1051 358 munaum:

131 445 466 529 Nebneadneaarem,
489 447 722 517 Alexandrum
746 449 919 534 Magnum,
937 459 996 519 ant
1015 453 1237 539 ipsumiier·

130 549 242 620 uulen
257 553 387 619 referre.
420 553 606 619 Noneuim
620 553 800 633 rhetorem,
816 554 878 620 sed
890 555 1030 622 militem
1046 559 1236 641 certissime

130 653 288 722 exhibet!
332 654 487 740 Reliquit
514 656 700 721 Eumenius
731 657 863 740 aliquot
891 656 1015 741 ingenii
1039 661 1093 725 sui
1116 681 1238 728 monu-

130 766 253 825 mento.
299 759 352 824 Ex
378 757 601 843 Panegyricis
626 757 814 824 Veteribus
839 759 872 825 ei
895 759 995 825 bodie
1014 781 1037 826 a
1061 765 1235 831 nonnullis

130 867 287 946 quatuor,
302 862 346 926 ab
361 861 438 925 aliis
453 860 602 943 quinque
620 860 722 924 tribui
744 861 865 939 soient,
884 881 974 944 quos
997 863 1049 927 vir
1072 866 1235 934 celeberr.

129 963 190 1043 do.
205 963 362 1029 Albertns
378 960 555 1027 Fabricius
568 962 602 1026 in
616 960 775 1046 Appeud.
790 961 880 1028 Bibl.
896 963 1027 1030 Latina
1042 986 1076 1050 p.
1092 970 1170 1033 484.
1186 990 1236 1036 re·

20 1104 23 1110 ·
130 1066 269 1130 censuit·
314 1061 390 1128 Nee
406 1063 493 1128 maie
506 1063 712 1129 existimarit
721 1063 957 1130 Tillemontius
967 1065 1063 1132 Hist.
1074 1068 1235 1155 Imperat.

130 1175 210 1234 tom.
227 1182 279 1231 lv.
295 1179 328 1250 p.
343 1163 626 1232 47.'intercidisse
639 1165 895 1252 Panegyricum,
907 1168 940 1233 in
952 1188 1021 1252 qno
1035 1171 1235 1272 Eumenius,

129 1272 253 1354 etipse
269 1264 334 1333 sub
350 1269 541 1352 auspicium
560 1268 739 1351 praesentis
760 1269 961 1355 Panegyrici
983 1273 1104 1350 innuit,
1119 1273 1233 1343 Maxb

128 1373 233 1437 miani
256 1369 415 1435 Herculei
439 1369 559 1434 laudes
581 1368 673 1454 prius
697 1377 912 1454 exposuerat.
956 1372 1088 1439 Habuit
1103 1396 1184 1443 uero
1200 1381 1233 1446 ia

128 1476 214 1539 banc
247 1472 455 1550 Orationem,
481 1491 581 1556 qoam
611 1490 696 1538 nunc
724 1473 854 1551 damus,
885 1490 1001 1539 coram
1031 1476 1232 1548 Constantio

128 1575 267 1653 chloro,
291 1592 404 1658 quem,
426 1574 560 1638 dicente
584 1572 821 1658 Panegyrista,
848 1576 994 1655 stetisse,
1011 1597 1055 1642 ex
1081 1600 1157 1665 cap.
1178 1600 1231 1648 tv.

59 1754 62 1759 ¹
128 1677 356 1761 intelligimus.
401 1675 521 1760 Neque
535 1676 663 1741 atiu'ere
679 1683 758 1764 tuqc
776 1673 925 1759 Augusti
945 1677 1232 1756 duo,'Diocletia·

61 1762 64 1773 ⁴
126 1798 192 1847 uns
207 1787 241 1844 et
255 1775 498 1855 Maximianus,
512 1776 698 1861 Caesarque
714 1776 888 1858 Galerius;
903 1797 1050 1863 quorum
1058 1783 1182 1852 hodes
1193 1807 1232 1854 se

126 1885 340 1968 inposterum
356 1875 469 1946 coram
483 1882 717 1965 expositurum
728 1899 804 1944 esee
818 1881 983 1964 promisit.
1004 1882 1231 1957 Occasionem

126 1988 205 2052 buic
221 1982 375 2050 Orationi
389 1980 552 2048 habendas
564 1980 659 2047 dedit
672 1981 814 2048 victoria
830 1981 1030 2066 Constantii,
1041 2005 1145 2071 quam
1160 1991 1230 2071 ilie,

126 2090 241 2175 occiso
260 2086 409 2164 Allecto,
429 2091 465 2152 et
478 2087 614 2171 recepto
627 2083 813 2158 Britannia,
829 2102 919 2150 auno,
932 2084 1230 2159 Christiooxoar.

123 2194 320 2276 reportarat.
365 2187 445 2252 Non
459 2194 574 2251 autern
589 2204 728 2250 necesse
743 2205 820 2251 esse
835 2193 933 2270 puto,
947 2193 1230 2276 rat-suspicionem

126 2285 295 2367 liberiani,
309 2289 397 2354 bunc
413 2289 522 2372 ipsum
539 2289 784 2373 Panegyricum
805 2287 1006 2357 Mamertino
1019 2295 1152 2376 potius,
1167 2305 1229 2364 aut

126 2392 242 2478 Belgae
257 2390 402 2471 cuidam,
418 2408 520 2475 quem
541 2389 709 2456 Eumenio
732 2390 824 2456 ialso'
845 2391 1073 2476 attribuentis,
1089 2397 1163 2482 jam
1178 2419 1230 2467 re·
1260 2385 1262 2389 ¹

125 2495 252 2561 sellam.
