2730 4726
418 311 683 362 cousrrnrmo
706 311 795 361 sue.
832 310 889 360 rx.
910 295 963 362 17.
1147 286 1235 364 1425

131 434 176 524 ab
202 440 299 522 flue·
321 455 356 521 in
380 455 546 540 privatam
570 455 712 525 domurn
727 439 849 541 sponte
873 463 1098 537 concesserat,
1117 467 1157 525 ut
1178 474 1232 524 res

132 566 200 639 est,
216 558 338 626 Furiis
349 559 549 626 terribilibus
571 560 727 643 agitatus,
742 568 774 626 et
789 563 959 626 nocturnis
975 562 1095 646 pulsus
1110 563 1232 629 ultrici·

132 665 221 746 bus·;
243 669 281 730 ut
303 670 340 729 tu
353 664 429 748 jam
450 663 529 728 olim
547 669 749 747 expectatus
763 664 930 729 habitator
945 664 1050 729 sacris
1064 665 1130 730 illis
1151 666 1234 731 aedi·

132 768 202 832 bus
227 768 286 832 diu
313 766 493 846 exhalatis,
508 766 726 852 expiatisque
741 767 989 833 succederesi·
1031 767 1064 832 6.
1086 767 1131 833 Et
1144 769 1232 835 adeo

129 868 211 955 ipse
233 889 345 935 verum
368 869 434 935 sibi
449 869 604 948 dixerat:
626 875 660 934 et
674 872 813 935 venturo
829 868 891 936 tibi
905 878 1064 945 cesserat,
1078 873 1232 953 quamvis

131 973 169 1059 in
193 972 346 1061 praelium
368 971 588 1054 ingrederetur
610 975 770 1052 armatus,
792 992 868 1038 cum
890 972 1084 1038 excedendo
1106 974 1232 1056 palatie

126 1074 202 1160 jani
217 1076 257 1139 s'e‘
270 1073 463 1167 abdicasset
479 1074 632 1158 imperio.

129 1192 133 1197 ·
178 1176 269 1242 cre.
293 1192 393 1242 xvir.
426 1177 460 1241 1.
484 1174 539 1241 Ad
564 1176 707 1260 primum
729 1176 830 1259 igitur
852 1166 1030 1262 aspectum
1045 1179 1232 1264 majestatis

132 1278 217 1358 tuae,
246 1278 455 1363 primumque
491 1280 652 1362 impetum
681 1281 785 1343 tutius
817 1281 864 1343 tui
894 1280 1033 1346 victoris
1062 1283 1232 1348 exercitus

131 1372 251 1448 l'rbs'tes
270 1382 388 1461 territi,
412 1382 600 1464 fugatique,
630 1389 666 1445 et
688 1381 855 1463 angustiis
876 1381 997 1467 Mulrii
1016 1381 1150 1467 pontish
1173 1405 1252 1449 exa.

131 1484 245 1562 clusi:
258 1486 413 1571 exceptis
432 1485 600 1550 latrocinii
614 1483 720 1549 illius¹
733 1485 850 1568 primis
866 1486 1074 1565 auctoribus,
1090 1487 1159 1571 qui,
1175 1487 1231 1553 de-

131 1587 397 1672 sperata'renia,
412 1588 537 1666 locum,
553 1597 653 1672 quem
669 1606 788 1671 pugnae
802 1587 1008 1666 sumserunt,1
1028 1596 1145 1654 texere
1162 1609 1231 1656 cnr·

131 1690 283 1775 poribus,
298 1691 400 1756 ceteri
419 1709 534 1755 omnes
553 1689 741 1755 indevium
757 1690 869 1754 abiere
886 1692 1092 1775 praecipites,
1108 1698 1145 1756 ut
1159 1699 1232 1756 tan·
1324 1769 1332 1775 ἱ

130 1793 210 1859 dem
229 1792 373 1878 ‘aliquod
399 1780 514 1859 caedis
530 1792 769 1877 compendium
794 1791 897 1856 fessis
925 1800 1057 1859 tuorum
1083 1795 1232 1860 dexteris

131 1897 310 1976 eveniret,⁴
328 1916 403 1961 cum
424 1896 551 1979 impios
570 1896 702 1959 Tiberis
716 1894 897 1959 hausisset.
939 1895 972 1961 2.
996 1896 1113 1981 Ipsum
1128 1899 1233 1985 etiam

131 1999 229 2064 illum
253 2019 328 2064 cum
350 2017 450 2083 equo,
465 2003 498 2062 et
521 1997 624 2061 armis
643 1997 839 2079 insignibus,
853 1997 975 2063 frustra
994 2005 1152 2063 conatum
1172 2020 1233 2084 per

84 2152 87 2159 .
131 2100 276 2186 abrupta
298 2101 381 2185 ripae
407 2099 576 2164 ulterioris
600 2097 751 2176 evadere,
775 2099 866 2164 idem
887 2099 1019 2166 Tiberis
1042 2109 1231 2186 correptum

132 2205 263 2288 gurgite
283 2203 468 2295 dereravit‚
483 2222 525 2267 ue
546 2210 618 2294 tem
633 2201 780 2267 deforme
799 2201 987 2287 prodigium
1003 2204 1157 2269 veihane
1172 2208 1231 2270 ob-

163 2378 176 2402 ·
185 2371 276 2420 diruo
286 2375 342 2421 ente
353 2375 415 2419 tetre
425 2369 514 2432 spirita
520 2366 682 2432 perpurgatis.

164 2434 175 2469 ⁶
191 2436 259 2486 Adeo
267 2436 316 2500 ipse
329 2437 408 2485 anime
418 2435 445 2483 id
455 2434 617 2495 preasugieret.

128 2501 227 2631 magt
238 2516 292 2550 rurs
308 2501 413 2551 transire
430 2515 477 2550 ses
495 2505 589 2563 possset
608 2496 680 2548 simul
700 2511 777 2546 omres
792 2503 888 2562 prepter
909 2498 999 2547 cretius
1019 2499 1123 2561 spritium
1142 2498 1232 2548 Mutati

162 2629 177 2665 ⁶
196 2631 320 2681 Utmness
330 2635 425 2679 remum
435 2629 545 2678 cedema
555 2627 630 2688 fessas
640 2628 736 2678 tandem
746 2627 887 2677 desisterent
897 2627 926 2676 sb
937 2628 1071 2678 occidendo.

591 2772 605 2792 θ
608 2771 680 2792 ”006
683 2773 772 2792 ΝΙΝΙ

130 2868 214 2919 Tiberi
223 2883 292 2918 ursae
302 2867 438 2918 Moeri—b
453 2868 535 2918 Lirin.
546 2867 679 2930 P.Stepb.
694 2869 778 2935 Baun-
790 2866 885 2916 Cellas.
897 2867 996 2928 Jreger.
1011 2867 1127 2915 ominibus
1135 2866 1231 2915 terribi-

129 2934 201 2991 libus,
213 2941 243 2984 ut
254 2934 321 2996 conj.
338 2933 438 2983 deidei.
462 2933 569 2983 omsibss
586 2940 605 2982 t.
617 2934 735 2983 Rbeuan.
747 2932 838 2994 Steph.
850 2932 958 2994 Cuspin.
972 2931 1089 2981 Petsrol.
1107 2932 1191 2983 Paris.
1202 2939 1231 2983 et

130 2999 219 3048 Rivin.
252 2997 335 3049 Feriis
347 3004 366 3047 t.
377 3000 438 3048 liet.
450 2998 564 3048 Puteen.
574 2999 636 3047 Vat.
649 3015 664 3048 a
675 3014 709 3047 m.
721 3012 773 3046 sec.
784 2999 871 3047 Moerl.
902 2999 957 3046 ‘Es
970 2999 1064 3060 glossa,
1078 3004 1107 3045 ut
1118 2997 1230 3062 ridetur,

130 3069 268 3130 spectante
280 3065 312 3112 ad
325 3061 465 3115 cimicibus!
477 3065 493 3115 J
497 3068 623 3126 εμπ-6
635 3063 666 3113 ld
674 3064 788 3127 edeoipse
796 3063 911 3122 satarum
920 3063 966 3111 sibi
976 3063 1044 3127 conj.
1055 3062 1156 3111 Acidal.

164 3130 233 3180 Car·
244 3142 317 3179 xvir.
352 3133 365 3178 1
378 3129 503 3178 ‘Lirineii
516 3130 704 3193 conjecturam,
721 3129 793 3177 toties
810 3129 855 3193 tsi,
872 3129 973 3189 recepit
985 3130 1080 3177 Cellnr.
1093 3143 1168 3192 qrram
1182 3128 1231 3178 etsi

127 3208 178 3244 non
191 3195 295 3252 damno,
312 3203 398 3242 tamen
409 3194 533 3258 displicet
546 3195 663 3257 positure
678 3195 824 3243 verborum.
858 3194 974 3248 Mallem,
985 3194 1023 3243 tsi
1034 3192 1122 3243 toties?
1132 3193 1232 3256 leger.

128 3259 214 3310 dfilsis'
224 3260 305 3323 pestis
316 3260 377 3309 edd.
395 3269 461 3309 retr.
483 3260 571 3309 Mrtsii
577 3260 657 3323 pestis
667 3260 790 3314 Lirin..in
802 3261 927 3323 margine,
940 3260 1034 3311 Cellar·
1044 3258 1142 3323 leger.
1163 3274 1231 3325 qaam

626 3372 735 3424 NOTAE

161 3480 174 3516 t
191 3472 229 3522 Ac
238 3471 309 3538 filis]
325 3471 353 3523 ls
363 3471 412 3523 suit
424 3474 529 3523 Marcus
541 3472 662 3523 Aurelius
698 3471 837 3522 trocinium
851 3474 935 3526 vocat,
953 3473 1007 3519 tum
1019 3469 1088 3535 quod
1100 3471 1231 3522 Maxentii

128 3549 487 3612 ValerinsRomulrrs,cnjur
504 3555 662 3599 estatnum·
697 3552 829 3602 exereitus
857 3565 891 3599 ex
919 3550 1054 3612 plebecula
1084 3550 1231 3609 constabat,

127 3640 185 3677 mes
204 3637 285 3676 urvo.
312 3638 533 3677 recursurus.
552 3624 661 3689 (idest,
698 3626 1230 3693 tumqrrcdipsesdrepiendnmslienum

127 3707 226 3753 nestro
237 3699 323 3765 urbis)
340 3714 423 3752 rruro.
450 3701 548 3750 Extant
560 3700 622 3750 item
633 3708 659 3750 et
697 3704 832 3770 imperinm
845 3704 986 3768 pugnabat.

128 3779 184 3842 alii,
200 3792 266 3842 ques
284 3776 366 3828 refert
383 3778 519 3827 'l'ristanus
538 3779 564 3825 in
585 3778 661 3826 Com·
726 3780 735 3825 l
763 3782 860 3838 Meum,
877 3797 944 3844 quem
967 3796 1057 3844 pegae
1084 3783 1229 3848 mmsnsut]

127 3863 212 3907 ment.
223 3854 323 3904 Hister.
697 3857 826 3920 Respexit
844 3856 877 3906 ad
891 3856 953 3905 illud
972 3857 1087 3906 Sallustii
1106 3856 1139 3906 de
1154 3857 1230 3907 Belle

160 3932 174 3967 ¹¹
198 3933 288 3983 Muris
313 3932 404 3997 pestis]
432 3930 503 3983 Pnns
525 3934 552 3983 in
573 3932 660 3983 'liberi
696 3935 803 3986 Catilin.
826 3935 927 3989 ‘Quem
950 3933 1059 3997 quisque
1088 3933 1230 3996 pugnaudo

127 4024 213 4073 prope
225 4010 342 4068 Rumam,
351 4011 422 4060 nulla
440 4025 468 4060 re
485 4012 572 4061 notior
584 4025 660 4074 quam
697 4011 770 4059 rivus
782 4012 865 4059 locum
876 4015 993 4072 ceperat,
1001 4022 1059 4057 eum
1071 4008 1162 4058 amissa
1174 4010 1229 4060 sni-

126 4087 260 4138 Maxentii
271 4088 354 4136 clade.
696 4103 738 4139 ma
749 4102 856 4154 corpore
868 4083 993 4151 tegebat.'

160 4165 168 4198 ¹
183 4162 318 4214 latrocinii
330 4166 407 4229 iltius]
423 4164 525 4216 Bellum
541 4165 604 4215 illud
622 4165 660 4212 la·

194 4246 283 4310 Delplr.
294 4251 318 4295 et
334 4248 390 4298 Ver.
399 4248 464 4296 Clas.
601 4247 695 4309 Paneg.
709 4247 765 4297 Ver.
1103 4247 1118 4292 4
1136 4244 1162 4294 Χ
