2730 4726
401 337 669 388 consranrruo
693 339 781 387 auc.
815 322 975 386 viruli.
1148 322 1235 390 1395

127 480 248 553 'omnia
271 489 394 570 potest,
417 485 499 568 quid
526 484 592 549 sibi
613 483 776 548 debeatur
801 485 991 566 interrogat,
1015 504 1079 549 non
1104 486 1236 552 curiose

132 595 385 674 percunctatur,
400 593 437 652 ut
459 588 565 669 sciat3
588 587 648 652 sed
670 587 851 652 liberaliter
873 587 968 672 cupit
989 587 1119 665 audire,
1134 609 1238 672 quan·

133 703 205 756 tum
221 690 377 755 remittat.

180 792 271 857 Cae.
303 808 362 855 xi.
397 792 430 854 1.
458 791 626 874 Separate
656 792 756 873 igitur
786 796 926 876 utraque
955 791 1090 858 dicam:
1127 812 1239 878 neque

133 895 226 961 enim
241 897 339 980 quasi
356 914 415 978 per
430 891 597 959 saturamf
610 894 842 960 confundenda
857 903 935 960 sunt
950 901 1044 959 tanta
1063 885 1239 961 beneficia.

135 998 279 1080 Septem
294 997 399 1062 millia
413 997 587 1080 capitumg
603 996 772 1074 remisisti,
785 998 932 1081 quintam
950 997 1095 1081 amplius
1107 1006 1239 1080 partem

133 1097 327 1164 nosborum
348 1117 527 1180 censuum3
551 1106 586 1163 et
601 1104 725 1176 tamen,
742 1105 849 1163 utrum
866 1098 1033 1164 sufficeret
1047 1101 1110 1164 hoc
1128 1099 1239 1176 nobis,

136 1201 268 1284 saepius
288 1201 468 1285 requisisti.
511 1201 545 1265 2.
567 1200 598 1266 0
619 1221 681 1266 nos
699 1207 851 1265 utrumne
870 1191 1082 1265 verecundos
1102 1201 1240 1265 nimium

137 1303 262 1383 dicam,
278 1322 321 1367 an
333 1303 418 1367 satis
432 1305 572 1385 gratosi
594 1304 652 1387 qui
667 1302 871 1379 reticuimus,
885 1303 1056 1379 haesimus,
1067 1301 1241 1382 indulgeu-

136 1407 197 1471 tiae
209 1405 667 1489 tureamplefluentimadum
680 1406 841 1469 fecimus.l
868 1404 1072 1470 Plusadhuc
1084 1409 1242 1489 praestare

137 1509 316 1592 cupiebas,
327 1509 356 1572 si
368 1508 445 1572 ausi
455 1507 640 1572 fuissemus
650 1528 846 1591 exposcere.
878 1510 911 1572 3.
925 1508 1098 1588 Quantum
1110 1507 1242 1584 sithoc,

138 1611 342 1694 Imperator,
352 1610 566 1689 beneficium,
580 1631 681 1695 quam
694 1612 919 1676 necessarium
929 1612 1037 1686 nobis,
1049 1629 1152 1694 quam
1163 1608 1244 1672 utile

135 1715 241 1779 etiam
253 1713 443 1780 devotionis
455 1713 585 1786 officiis,
596 1734 663 1777 non
676 1733 763 1797 queo
776 1715 861 1778 satis
874 1712 1008 1777 dicere!
1030 1712 1244 1776 Remissiaue

136 1813 231 1887 istut
247 1823 378 1900 septem
393 1816 533 1881 millium
551 1817 715 1901 capitum,
732 1815 851 1896 viginti
866 1815 1012 1898 quinque
1024 1815 1170 1879 millibus
1186 1814 1245 1881 de·

137 1947 140 1954 ’
175 1968 187 2001 ⁶
205 1970 405 2035 l'eerperatiarrem
415 1970 567 2020 adhibuimus
578 1971 720 2021 liberalitati
731 1977 778 2021 tarr
789 1972 893 2034 largiter
902 1988 953 2023 sese
964 1972 1105 2038 effundenti.

139 2065 143 2071 ·
172 2041 184 2068 θ
202 2034 349 2090 Quaere
361 2036 433 2085 etiam
444 2037 474 2085 ad
484 2038 621 2100 praeterrita
632 2037 751 2101 obsequia,
763 2039 847 2102 quibas
857 2039 901 2087 iiii
912 2041 1052 2089 devoremur
1063 2040 1167 2100 integra.

604 2164 782 2185 tunctune

140 2249 149 2279 ‘
160 2247 445 2365 gmrialpateetJLBene
454 2254 548 2312 pateat:
558 2262 607 2298 nec
618 2250 686 2299 male
696 2247 819 2313 parieti
835 2248 938 2300 Acidal.
961 2251 1003 2300 aed
1013 2249 1114 2301 liberter
1122 2249 1246 2300 Chaerea.

140 2317 173 2364 ‘a
189 2311 340 2376 onpacet.'
378 2314 437 2365 iata.
1237 2351 1239 2355 «

179 2378 306 2428 Canni.
333 2378 424 2432 labi.
434 2376 516 2440 utique
526 2377 603 2427 dicam
614 2378 733 2428 Rhenan.
748 2379 840 2443 Stepb.
857 2380 939 2429 lirin.
953 2379 1039 2436 Ririn.
1051 2384 1075 2430 l.
1102 2379 1249 2442 atraquedi·

141 2457 196 2494 cem
214 2443 316 2492 Berlin.
343 2444 372 2491 de
393 2449 492 2508 utruque
513 2443 620 2506 Crupin.
641 2454 668 2494 et
691 2445 754 2494 Exc.
779 2447 923 2495 Sciranbar.
958 2451 1057 2509 utraque
1079 2445 1140 2494 Vet.
1164 2445 1250 2493 Livia.

141 2513 269 2571 atramque
280 2507 350 2557 Gud.
358 2513 384 2556 et
395 2508 482 2558 Marri.
494 2521 552 2556 carn
564 2509 623 2557 edd.
635 2510 713 2559 Grnt.
725 2514 752 2559 et
765 2519 876 2560 recentt.
893 2514 901 2539 ‘
913 2511 979 2559 Mihi
992 2525 1045 2573 prae
1058 2510 1154 2559 ceteris
1164 2510 1250 2571 placet

143 2574 226 2623 lectio
240 2573 349 2636 cuspin.
362 2587 411 2622 nec
424 2580 510 2623 temen
522 2576 633 2622 extrudo
646 2574 797 2634 irrigatam)
812 2577 906 2636 Jceger.
939 2576 1020 2625 ‘Cam
1033 2580 1133 2638 atraque
1145 2580 1251 2623 notatur

143 2637 205 2688 ced.
214 2637 315 2687 Berlin.
326 2637 492 2696 auctaritara,
503 2653 588 2702 neque
600 2653 649 2701 ega
662 2641 965 2706 intercedo,ceter·oquin
974 2647 1099 2702 utrumque
1107 2653 1156 2688 nau
1167 2637 1250 2687 inele.l

143 2703 235 2753 Arate.
259 2703 375 2768 satyriam
397 2702 515 2759 Rheuau,
537 2711 564 2752 et
583 2705 674 2768 stepn.
701 2711 807 2769 satyram
832 2707 915 2755 Liria.
938 2705 1008 2755 Gnd.
1032 2705 1118 2753 Moerl.
1143 2709 1251 2753 saturam

138 2768 251 2818 Berlin.
262 2767 341 2818 Grut.
353 2774 381 2817 et
392 2776 503 2817 receati.
531 2774 571 2822 trra
583 2769 695 2831 beneficia
707 2771 823 2820 Rhenan.
835 2772 925 2834 steph.
937 2771 1021 2820 Lirin.
1034 2770 1120 2819 Ririn.
1146 2773 1214 2817 tanta
1226 2768 1250 2819 ὁ.

141 2833 211 2883 Vei.
221 2833 334 2882 Patean.
343 2833 444 2883 Berlin.
458 2834 564 2894 Caenia.
578 2834 691 2899 Gaeiph.
703 2835 781 2885 Grat.
790 2845 817 2886 et
826 2845 937 2886 recenti.
962 2834 1180 2899 quartanampitaa
1189 2832 1251 2883 edd.

144 2906 208 2948 ente
220 2897 313 2947 Arate.
340 2899 446 2960 quintam
457 2914 480 2948 a.
492 2897 562 2952 Gud.
574 2899 661 2951 Moerl.
672 2900 734 2949 Ver.
752 2900 865 2950 Pureeu.
882 2901 983 2950 Bertiu.
1010 2915 1042 2950 arr
1057 2900 1173 2965 sufficeret
1186 2898 1250 2948 Vet.

139 2963 232 3017 ssLiriu.
245 2961 347 3012 Berlin.
359 2962 429 3013 Gud.
443 2963 581 3018 Merit-2
600 2965 665 3021 Quae
678 2970 788 3015 utrumne
803 2967 925 3016 Chaerea.
952 2972 960 2993 ⁴
976 2964 1046 3013 Nilril
1059 2963 1148 3014 mnia!
1163 2961 1251 3012 Arate.

140 3027 582 3083 dicamaimiamedd.antelirutz.
608 3030 796 3079 nimiumdicam
807 3030 920 3094 Gnelph.
948 3030 1001 3078 auri
1016 3028 1252 3079 eseemuechassen.

122 3153 125 3160 Ι
144 3097 197 3142 -3
214 3094 330 3142 Rhenum
349 3093 385 3142 H.
403 3092 496 3154 Steplr.
516 3093 603 3142 Ririn.
621 3098 644 3144 1.
670 3095 741 3143 imma
759 3110 806 3158 pra
822 3096 961 3158 imperator,
974 3094 1042 3143 unde
1054 3092 1251 3142 nanarrllir'mma

139 3158 142 3165 '
162 3173 226 3216 earn,
249 3165 278 3208 nt
294 3164 335 3206 est
348 3157 375 3207 iu
395 3157 517 3207 Chaerea.
538 3172 624 3220 neque
641 3173 673 3208 ea
693 3160 770 3209 lectio
788 3161 909 3225 displicet
928 3159 1080 3209 Arnrzenia.
1110 3160 1171 3221 Imp.
1189 3158 1252 3205 Vei.

127 3248 130 3254 ·
174 3230 262 3276 uttan.
287 3223 421 3286 Imperator
441 3224 636 3288 onenariae.
656 3224 844 3275 Schonhav.ei
866 3226 925 3275 edd.
944 3231 1056 3274 recenit.
1089 3224 1253 3286 Mar,eiiam

159 3356 161 3360 ’
378 3358 381 3363 ’
646 3353 756 3407 NOTAE

167 3449 254 3500 *Per
264 3449 383 3513 saturam]
400 3450 533 3514 ‘Satura'
548 3459 577 3502 ut
589 3453 682 3502 Fertne
724 3454 782 3504 tirae
804 3468 908 3517 nornen,
931 3453 999 3517 quad
1025 3453 1144 3502 vitiorum
1171 3466 1253 3517 genae

148 3528 195 3578 lib.
208 3540 282 3578 xvir.
294 3527 395 3583 scribit,
405 3536 463 3577 erat
478 3528 530 3577 cibi
549 3543 630 3592 genus
650 3544 683 3579 ex
724 3545 799 3581 amne
812 3532 965 3581 insectetur.
1000 3529 1066 3583 Inde
1086 3531 1165 3580 etiarn
1183 3537 1254 3579 eatu-

148 3606 230 3656 verite
241 3606 319 3655 rebus
331 3605 472 3668 conditum,
489 3608 529 3656 rel
541 3607 682 3658 secundum
724 3623 779 3657 rum
792 3623 905 3658 carmen.

144 3686 259 3736 eliorum
275 3684 516 3748 interpretationem
530 3700 609 3749 genna
626 3700 682 3735 car·
754 3684 873 3748 saeptam
881 3683 1079 3748 milliacapitam]
1092 3682 1184 3745 Capita
1193 3687 1254 3729 eunt

149 3762 238 3822 minis,
257 3761 283 3809 in
299 3775 349 3825 quo
370 3760 458 3810 multis
473 3759 506 3811 de
528 3762 605 3812 rebus
622 3777 682 3813 con·
720 3761 898 3826 tributaque
909 3762 934 3810 in
947 3762 1046 3825 ringula
1057 3760 1145 3823 capita
1155 3757 1253 3805 indice·

144 3831 262 3902 jnuctini
274 3844 302 3886 et
313 3836 421 3887 causaue
432 3837 630 3902 disputabatur:
650 3855 683 3889 ex
724 3839 828 3890 bantur.
863 3840 961 3889 Glossae
989 3847 1098 3891 veteres,
1128 3833 1253 3884 Tributrrrrr

151 3930 204 3980 quc
215 3921 306 3965 return
317 3915 370 3972 lex,
383 3929 439 3978 qnae
451 3915 539 3964 multis
552 3916 607 3965 aliie
619 3930 682 3966 can·
723 3918 863 3980 capitulare,
874 3913 1040 3978 intercalariae
1051 3911 1132 3976 φόρος.

149 3990 410 4054 fertelegibue,0lim
421 3990 573 4052 dicebetnr3
591 3994 631 4042 vel
644 3991 682 4041 νό-
755 3992 928 4043 haemuaaae
943 3991 1005 4053 ieta]
1021 3989 1121 4052 Viginti
1138 3987 1253 4052 quinque

151 4066 463 4131 μοςπολλὰπεριέχων,ἰά
482 4070 683 4133 eei,1exquoede
721 4071 794 4119 mille
822 4071 939 4120 homines
966 4074 1070 4117 centum
1094 4065 1253 4130 pendebant.

149 4145 261 4209 piabere
270 4144 341 4194 reims
351 4144 463 4208 loquitar.
486 4144 568 4194 Dicta
580 4161 595 4194 a
607 4146 684 4209 copia
725 4147 819 4210 ltaque
831 4147 891 4195 huic
900 4145 984 4194 eidem
993 4158 1101 4192 numera
1110 4157 1167 4192 cnm
1177 4155 1254 4206 quar·

147 4233 248 4278 rerum,
260 4220 333 4286 quari
346 4221 519 4274 areturitate.
554 4221 625 4273 Hinc
644 4237 684 4272 se·
726 4232 778 4272 iam
798 4222 907 4288 emplius
918 4235 1011 4272 censue
1029 4227 1129 4286 partem
1143 4220 1253 4271 rearieir·
