2730 4726
356 599 422 666 DE
447 598 676 667 AUCTORE
701 600 1024 684 PANEGYRICI,

306 761 352 812 nr
366 763 442 815 ouo
459 762 640 814 rancore
655 761 703 815 nc
719 762 819 816 coco
836 762 997 816 naeuus
1012 766 1079 816 srr.

569 972 624 1038 [ΕΙ
636 973 687 1024 ΕΦ
697 975 810 1041 napa]

183 1175 317 1242 Ηωυι
333 1175 501 1243 Orationis
516 1185 633 1242 auctor
648 1184 701 1243 est
715 1178 855 1244 latinus
866 1178 1019 1245 Pacatus
1033 1181 1237 1266 Drepanius,

136 1296 205 1344 non
221 1279 341 1357 Italus,
355 1286 415 1344 ant
429 1279 577 1363 Siculus,
591 1289 631 1344 ut
652 1280 766 1366 inepte
778 1281 915 1365 quidam
934 1283 1167 1366 suspicantur,
1182 1287 1237 1352 sed

135 1383 273 1448 natione
288 1381 419 1460 Gallus,
433 1390 472 1447 ut
493 1389 637 1466 apparet
657 1403 702 1448 ex
725 1384 851 1466 Paneg.
869 1403 946 1468 cap.
961 1384 1016 1450 21.
1039 1386 1168 1453 ‘Unde
1181 1390 1236 1472 igi-

136 1496 195 1551 tur
207 1483 341 1558 ordiar}
360 1486 469 1569 inquit
482 1484 645 1564 Pacatus,
668 1485 753 1550 ‘nisi
769 1507 790 1551 a
804 1485 872 1551 tuis
885 1507 960 1552 mea
973 1487 1090 1554 Gallia
1105 1490 1236 1557 malisl’

136 1588 252 1654 Patria
274 1588 533 1671 Burdogalensis
554 1587 627 1666 suit,
648 1593 688 1654 ut
708 1587 805 1654 Elias
818 1587 964 1654 Vinctus
988 1593 1023 1656 iu
1043 1591 1236 1661 Ausoniam

17 1696 20 1701 ’
134 1698 233 1757 notat
256 1711 299 1757 ex
323 1690 447 1775 Paneg.
462 1712 539 1775 cap.
555 1708 597 1756 ιι.
620 1692 679 1757 nbi
702 1692 793 1759 idern
812 1691 961 1769 Pacatus
972 1693 1235 1781 Transalpinam

134 1815 173 1860 se
198 1796 294 1872 (licit,
316 1803 351 1861 ct
376 1813 421 1860 ex
444 1796 565 1861 ultimo
594 1795 783 1862 Galliarum
812 1813 966 1862 recessu:
991 1796 1095 1877 ‘Qua
1124 1799 1236 1879 littus,'

133 1897 252 1982 inquit,
274 1898 417 1963 ‘oceani
442 1897 612 1962 cadentem
637 1899 765 1982 excipit
791 1899 910 1976 solem,
933 1919 975 1964 ac
998 1901 1234 1970 deficientibus

133 2001 231 2065 terris
253 2001 379 2066 sociale
399 2001 557 2066 miscetur
579 2000 801 2066 elementum.’
843 2001 1013 2068 Praeterea
1025 2002 1093 2068 fnit
1109 2006 1144 2069 ei
1160 2026 1234 2071 cum

131 2103 288 2169 Ausonio
303 2103 543 2186 Burdogalensi
558 2123 678 2186 magna
692 2103 911 2181 familiaritas,
926 2105 985 2189 qni
997 2123 1074 2170 enm
1087 2127 1234 2191 procon-

132 2206 237 2270 sulem
251 2226 317 2271 non
332 2225 398 2271 ano
412 2208 446 2271 in
458 2207 535 2272 loco
549 2207 710 2290 appellat,
725 2207 859 2292 ipsique
877 2208 1038 2272 nonnulla
1054 2211 1234 2293 opuscula,

132 2313 170 2372 ut
191 2306 454 2392 Epigrammata,
484 2305 615 2373 Ludum
638 2308 847 2393 Sapientum,
869 2309 1183 2394 Technopaegnion,
1202 2320 1235 2380 et

131 2409 537 2494 Grammaticomastigcm
561 2411 743 2496 inscripsit.
787 2411 941 2477 Eundem
965 2413 1129 2478 eximium
1155 2417 1234 2500 poli·

132 2522 201 2578 tam
218 2512 368 2596 appellat
382 2512 482 2598 Idyil.
500 2529 565 2577 νη.
609 2512 736 2577 Tamen
750 2519 856 2577 atrum
873 2514 959 2578 idern
976 2515 1077 2580 luerit
1089 2536 1167 2582 curn
1180 2539 1233 2600 eo,

131 2618 230 2702 cujus
246 2621 364 2680 extant
386 2614 529 2692 Psalmi,
545 2614 739 2700 Hymuique
764 2615 905 2700 aliquot,
920 2636 961 2681 ac
983 2618 1051 2682 alia
1072 2623 1232 2703 carmina,

131 2728 168 2784 et
188 2718 224 2782 in
247 2718 290 2782 iis
315 2717 470 2801 Epistola
494 2717 654 2799 Elegiaca
678 2716 721 2780 ad
744 2716 1075 2800 Anguslndnnensem
1096 2724 1231 2805 episco-

130 2841 224 2906 pum,
248 2821 378 2886 dubitat
400 2821 488 2885 idem
513 2821 606 2885 Elias
631 2820 774 2885 Vinctus
797 2821 831 2884 in
857 2819 1060 2886 Ausonium.
1106 2824 1232 2890 Noster

130 2944 212 2990 vero
241 2924 363 2988 Petrus
396 2924 593 2987 Franciscus
616 2921 803 2988 Chiffielins
829 2923 864 2986 in
891 2922 1036 2988 Paulino
1060 2924 1230 2993 illustrato

81 3100 84 3105 ,
128 3035 228 3109 negat
257 3028 344 3091 hunc
375 3026 539 3091 Pacatum
569 3034 720 3090 nostrum
750 3025 894 3090 eundem
923 3026 1028 3090 luisse
1058 3035 1164 3112 atque
1188 3032 1230 3106 is,

129 3131 187 3213 qui
202 3129 244 3192 ad
261 3128 423 3194 Uranium
440 3129 591 3193 scribens
614 3127 651 3193 S.
673 3127 808 3192 Paulini
824 3127 926 3193 vitam
948 3129 1062 3194 vincta
1081 3135 1231 3199 numeris

129 3231 277 3295 oratione
293 3233 491 3316 scripturum
506 3252 542 3296 se
558 3237 742 3316 receperat.
787 3231 857 3296 Sed
870 3233 956 3296 hunc
972 3232 1138 3298 Pacatum
1154 3257 1229 3301 nos-

128 3335 298 3398 tratribus
314 3340 346 3398 et
361 3335 580 3418 quadraginta
596 3336 692 3399 annis
707 3335 872 3420 juniorem
887 3334 993 3400 ait-ad
1007 3354 1109 3418 quem
1132 3337 1229 3423 Sym·

129 3435 267 3500 machus
291 3436 392 3501 mittit
414 3437 603 3521 Epistolam
626 3437 679 3502 12.
702 3438 760 3502 lib.
789 3453 871 3502 vrit.
895 3443 928 3502 et
951 3437 1016 3522 Ep.
1039 3438 1093 3502 58.
1118 3447 1153 3505 et
1175 3442 1229 3507 69.

127 3538 187 3603 lib.
206 3553 262 3602 rx.

170 3640 403 3713 Pronunli'atus
428 3647 480 3705 est
505 3641 561 3706 hic
587 3642 816 3727 Panegyricus
840 3663 895 3707 an.
922 3642 1046 3708 Christi
1074 3663 1227 3712 cccx01.

127 3744 309 3809 secundum
325 3743 517 3810 Haloandri
533 3746 698 3823 rationes3
721 3747 764 3810 ad
781 3746 863 3810 Kal.
884 3746 1074 3829 Septembr.
1099 3757 1139 3814 ut
1163 3759 1226 3816 tra·

127 3847 176 3912 dit
199 3845 417 3911 Marcellinus
438 3845 583 3928 Comes;
606 3848 738 3923 Romae,
755 3870 822 3934 quo
843 3850 983 3914 relatam
1006 3850 1048 3913 de
1072 3850 1226 3917 Maximo

126 3957 268 4032 tyranno
284 3951 455 4015 victoriam
479 3952 706 4033 gratulaturus
729 3973 748 4016 e
770 3950 885 4017 Gallia
907 3953 1032 4016 missus
1056 3960 1146 4035 erat;
1171 3976 1224 4020 co·

126 4070 196 4116 ram
225 4052 433 4135 imperatore,
465 4074 562 4138 quem
592 4055 794 4138 compellare
832 4063 1033 4139 praesentem
1062 4056 1223 4138 videtur;

127 4159 299 4236 spectante
313 4164 440 4235 senatu,
455 4164 492 4223 ut
505 4158 580 4243 ipse
595 4159 644 4224 ait
657 4158 856 4243 Panegyrici
870 4158 967 4242 hujus
981 4158 1088 4223 initio.
