2730 4726
442 308 710 358 consannarno
735 309 826 360 noc.
865 313 903 359 x.
925 296 959 361 6.
1130 378 1132 385 s
1163 299 1251 364 1447

145 491 150 500 -
190 453 282 518 Car.
305 468 356 515 vt.
401 453 432 516 1.
455 452 594 530 Verum,
616 457 654 517 ut
676 453 710 516 in
734 456 861 536 magnis
884 455 1038 520 domibus
1061 457 1252 524 interiorem
1331 480 1343 520 a

115 581 117 587 ·
144 561 301 622 ornatum
322 556 492 621 vestibula
508 556 586 639 ipsa
606 555 803 633 declarante
827 559 878 622 sie
902 559 1015 634 nobis,
1043 561 1188 624 venturis
1208 563 1251 627 ad
1346 546 1350 562 ⁴

144 660 331 742 ingentium
347 660 504 724 virtutum
527 659 691 742 stupenda
713 662 905 743 penetralia,
922 662 1024 725 debet
1043 662 1249 730 laudationis

143 763 346 846 ingressam,
369 768 403 827 et
423 762 673 845 praedicationis
694 762 858 846 januam⁶
884 763 997 828 Roma
1024 766 1184 846 praebere.
1219 767 1251 832 2.

146 864 247 944 Quae,
263 865 414 930 demersa
438 865 606 949 quondam
628 865 811 948 tyrannidis
834 866 971 949 impiae⁸
998 866 1108 957 malis,
1124 875 1168 943 et,
1185 889 1251 950 quo

143 968 264 1052 major,
280 989 323 1033 eo
339 969 572 1044 miserabilior,
586 968 774 1051 majestatis
791 969 943 1051 pristinae
965 969 1071 1032 decus
1091 969 1133 1032 ad
1150 972 1248 1034 misa-

143 1071 303 1136 ricordiae
327 1072 489 1136 ambitum
520 1071 752 1150 conferebat30
788 1072 852 1134 tibi
879 1079 1001 1148 tameo,
1032 1069 1251 1136 Constantine
1284 1147 1288 1156 ,

143 1173 304 1251 maxime,
320 1175 423 1238 etiam
438 1175 472 1236 in
487 1174 546 1237 illa
566 1176 616 1237 sui
633 1179 723 1237 sorte
740 1175 949 1250 venerabilis,
964 1175 1068 1258 quod,
1083 1193 1170 1256 quos
1190 1175 1248 1237 im-

142 1293 251 1358 pense
277 1295 442 1353 amamus,
466 1278 682 1340 observantia
704 1277 839 1341 illorum
866 1278 995 1358 integra
1023 1284 1084 1355 est,
1114 1277 1249 1340 etiamsi

141 1376 277 1441 fortuna
290 1377 421 1461 dilapsa
437 1379 512 1443 est!
556 1378 597 1441 In
613 1378 767 1461 abjectos
784 1377 894 1443 officia
908 1380 1055 1461 gratiora
1069 1385 1155 1455 sunt,
1173 1398 1249 1460 quae

141 1499 208 1543 non
224 1498 268 1543 ex
284 1480 526 1560 misericordia,
542 1481 599 1544 sed
627 1501 671 1545 ex
696 1481 821 1546 honore
838 1488 1022 1546 venerunt.⁶
1066 1481 1133 1545 Sed
1151 1480 1247 1543 nimi-

139 1601 215 1646 rum
233 1589 320 1646 recte
335 1602 355 1646 a
370 1585 582 1666 sapientibus
598 1585 733 1666 ponitur
754 1586 918 1648 connexio
938 1584 1024 1649 inter
1038 1605 1075 1648 se
1090 1591 1172 1667 apta
1186 1584 1248 1648 vir·

139 1686 276 1749 tatum.b
316 1687 349 1750 3.
373 1687 433 1751 Sic
450 1689 538 1751 enim
554 1697 672 1752 mutuo
695 1693 729 1751 et
751 1706 851 1770 opera
871 1687 1035 1770 juvants⁰
1058 1695 1091 1752 et
1105 1688 1247 1752 fructum

131 1806 257 1871 operae
272 1789 472 1871 partiuntur,
489 1797 527 1854 ut
541 1789 644 1855 facile
665 1796 827 1872 appareat
841 1791 1080 1872 inseparabilis
1096 1797 1129 1854 et
1143 1790 1245 1853 indis·

140 1895 235 1954 creta
256 1893 449 1974 permixtio.
493 1894 525 1956 4.
550 1893 698 1958 Gessisti
717 1891 852 1971 bellom,
879 1891 1067 1974 Imperator
1090 1892 1249 1968 maxime,

139 1993 233 2074 quod
248 1994 311 2058 tibi
325 2014 395 2058 non
409 1997 519 2059 minas
533 1995 642 2060 honos
657 1991 770 2059 urbiad
788 1995 961 2078 imposuit,
976 2014 1077 2079 quam
1094 1993 1245 2076 ejusdem

172 2201 186 2224 ⁴
201 2193 334 2244 Jedieetrer
343 2209 374 2244 ex
384 2193 465 2245 limiae
472 2195 530 2260 ipre,
540 2197 616 2260 errotis
626 2197 660 2246 eit
668 2197 769 2245 interior
780 2200 861 2246 domur
871 2202 979 2247 ornatam.

171 2256 183 2289 ⁶
202 2259 373 2308 Exornatr'orrie
385 2259 486 2310 aditam.

171 2329 182 2354 ⁶
199 2324 237 2371 Eo
254 2324 371 2384 referebat
386 2327 534 2388 splendorem
553 2325 684 2386 dignitatis
703 2325 823 2388 pristina,
840 2331 868 2376 iet
884 2326 982 2389 dignior
1001 2326 1165 2376 misericordie
1180 2325 1245 2375 eide·

136 2393 267 2528 “ilaritate
277 2469 334 2516 qnos
351 2469 492 2518 magnopere
503 2454 636 2517 diligimus,
653 2469 700 2505 reon
715 2456 794 2505 minue
804 2456 909 2517 colimur,
921 2470 973 2505 eam
984 2454 1111 2515 fortunam
1121 2457 1245 2505 adversam

135 2523 430 2642 “eegmrsermmr
444 2599 489 2634 non
501 2589 550 2635 tam
561 2583 642 2633 debita
653 2585 747 2634 ratione
757 2585 871 2647 miserie,
881 2600 950 2648 quam
960 2584 1090 2646 dignitati·
1102 2598 1180 2632 eorem
1191 2584 1243 2647 qai·

134 2645 181 2702 dee
191 2647 368 2710 impendantur.

165 2708 183 2752 s
197 2713 261 2761 Nam
271 2714 306 2762 eir
321 2726 416 2778 operam
427 2712 473 2762 riti
483 2715 589 2762 mutuam
600 2715 708 2763 tradent.

168 2957 238 3007 Car.
251 2971 290 3006 vr.
318 2961 334 3006 2
351 2957 413 3005 Vet.
430 2957 513 3007 Livio.
530 2963 554 3008 et
567 2957 659 3017 indita.
676 2957 763 3007 Moeri.
779 2958 892 3019 Gaetph.
905 2955 992 3006 Riein.
1004 2956 1110 3018 Caspio.
1123 2955 1239 3006 Rhenan.

135 3021 172 3072 Η.
188 3032 216 3073 et
230 3022 262 3072 P.
278 3022 478 3084 Steph.fortarra
491 3023 585 3086 delapsa
597 3028 648 3079 ert,·
667 3022 768 3077 Bertin.
787 3023 879 3084 ditepea
888 3023 1007 3080 sortune;
1028 3022 1110 3070 Lirin.
1124 3023 1239 3071 Gruter

132 3086 363 3146 recentesertemr
381 3088 472 3150 ditapee
491 3093 536 3137 eet.
564 3087 766 3148 [dungeonem
782 3094 838 3136 reat
857 3086 970 3150 Gnetph.
996 3101 1028 3136 ee
1041 3088 1140 3136 minima
1156 3087 1239 3136 Lirin.

133 3167 166 3202 ee
188 3152 352 3202 neieerieerdie
372 3151 436 3201 Vet.
457 3153 540 3201 Livio.
562 3153 669 3214 Crrrpia.
691 3153 806 3201 Rhenan.
825 3152 902 3201 Grat.
921 3161 949 3201 et
966 3160 1076 3201 recentt.
1105 3152 1155 3201 Sed
1167 3152 1238 3200 delet

132 3215 288 3268 Atriden-8
299 3215 450 3280 apereruerit
462 3218 566 3267 Puteal.
578 3218 685 3281 Caspia.
697 3218 811 3265 Rhenan.
824 3217 917 3278 Steph.
928 3217 1010 3267 Lirin.
1019 3217 1096 3267 Grat.
1107 3216 1192 3265 Paris.
1209 3217 1241 3266 at.

131 3290 201 3331 eatt.
229 3295 300 3346 opere
310 3283 400 3344 juvent
418 3282 531 3344 Guetptr.
546 3282 632 3331 Moert.
650 3282 735 3330 Bana.
752 3283 846 3331 Celtar.
862 3283 977 3331 Patami.
989 3289 1017 3332 et
1034 3290 1146 3332 recentt.
1158 3290 1185 3331 et
1199 3283 1237 3331 sic

130 3346 204 3409 conj.
217 3347 302 3397 Lirin.
330 3346 471 3410 ‘Suspicor
488 3348 624 3409 tegendam
641 3362 736 3408 operam
744 3347 842 3406 jurant,
852 3348 919 3410 quod
931 3348 1047 3413 sequenti
1052 3347 1149 3407 saetam
1160 3361 1237 3410 operoe

128 3412 217 3474 aegis
240 3410 398 3472 respondet!
416 3412 554 3462 Amen-e
568 3427 627 3460 orrea
643 3412 710 3460 ertia
726 3411 785 3461 edd.
801 3421 862 3460 ante
879 3413 974 3462 Cetiar.
1003 3413 1074 3462 donee
1091 3412 1157 3462 eree
1178 3414 1241 3461 Ver.

129 3476 248 3527 Petenti.
270 3481 357 3530 Moeri·
373 3478 492 3527 -Peterot
513 3483 542 3527 et
562 3485 674 3527 recenti.
705 3478 778 3532 tranas
799 3480 880 3526 etiam
902 3476 1014 3542 Guelph.
1034 3479 1151 3543 quemvis
1172 3477 1239 3526 erbis

128 3542 250 3595 mittet.

631 3639 738 3690 NOTAE

126 3760 148 3792 ³.
165 3753 179 3781 ⁸
197 3748 342 3812 remanetis
360 3747 456 3813 impie]
478 3747 532 3798 sab
553 3746 663 3795 Meren-
704 3745 754 3802 atio
767 3747 829 3796 item
842 3746 918 3796 modo
931 3746 993 3810 tegit
1004 3763 1011 3807 ;
1023 3745 1237 3809 nempepteentm

131 3823 180 3874 rio.
703 3828 820 3871 metuere
831 3822 1002 3885 operajeeant.

164 3898 445 3964 bcraneetoetrterum]
460 3897 663 3949 FuithaeeStoi·
735 3896 748 3931 d
765 3897 849 3946 Horror
867 3898 949 3962 [onae]
966 3894 1044 3956 erbis]
1062 3895 1137 3948 Quod
1150 3911 1238 3944 snsoe·

127 3986 222 4025 wrm
238 3976 367 4024 heminam
384 3977 481 4039 opinio,
499 3983 527 4025 at
545 3976 621 4025 eeriir
636 3975 662 4024 in
704 3981 779 4035 peres
796 3988 854 4022 carn
867 3973 977 4036 Augusti
990 3973 1101 4020 nomine.
1135 3971 1186 4020 Atii
1198 3972 1235 4019 te·

128 4051 195 4100 tecta
207 4049 323 4100 referant
335 4052 437 4101 'faritius
447 4062 473 4101 et
487 4052 619 4102 Horatiae.
702 4057 765 4112 gant
775 4052 854 4098 -troaoe
870 4050 943 4104 urbis,
962 4063 1041 4110 snpra
1064 4048 1142 4110 enim»,
1163 4055 1169 4077 ⁸
1184 4061 1234 4096 aon

126 4146 144 4172 s·
162 4135 175 4162 ⁶
189 4129 296 4191 Jeme]
311 4129 355 4178 Ite
366 4130 470 4178 nstitui
481 4144 513 4178 ex
524 4129 604 4178 veteri
617 4143 661 4177 ee·
702 4140 735 4174 ex
747 4126 933 4182 misericordia,
945 4125 990 4173 red
1003 4139 1035 4173 ex
1045 4124 1141 4175 tranare
1157 4138 1234 4176 vene·

130 4201 201 4268 dieo,
223 4219 270 4269 pro
289 4207 370 4267 jerat.
399 4204 493 4257 Claud.
518 4205 661 4256 ·Petemm
701 4204 781 4254 runt!
855 4254 859 4259 ,,
