2730 4726
122 288 210 355 1542
629 301 720 349 vrrs

39 462 41 467 ’
122 468 169 534 Α.
184 469 228 534 U.
245 469 285 535 C.
302 486 427 536 ucxx.
461 469 587 536 christi
603 485 799 536 ccccxvrr.
839 467 1074 537 Valentiniani
1099 478 1134 538 et
1155 473 1223 539 Va-

167 575 390 660 lentisAugg.
407 575 496 660 Imp.
513 593 562 640 rv.
594 574 750 641 Gratiani
767 575 854 659 Imp.
873 592 897 642 l.
927 576 1103 642 Theodos.
1121 579 1225 645 AEtut.

168 694 273 742 xxii.

166 796 379 864 Theodosius
406 804 502 881 pater
527 798 562 862 in
586 798 794 864 Britanniam
818 818 896 864 cum
921 800 1075 865 exercitu
1102 802 1226 866 missus

126 900 345 984 quadriennio
360 906 463 966 totam
480 908 595 985 pacat,
623 901 837 967 Valentinum
864 911 1040 986 tyrannum
1056 904 1227 988 opprimit.
1265 902 1268 913 '

127 1001 280 1087 Utroque
294 1004 330 1068 in
344 1004 433 1069 hello
448 1004 677 1070 Theodosium
699 1006 763 1069 suh
787 1012 885 1089 patre
911 1006 1079 1070 meruisse
1104 1007 1229 1070 indicat

126 1103 338 1183 AmmIauuS,
352 1126 429 1170 cum
445 1107 495 1171 ait
511 1105 700 1172 Maximum
724 1112 904 1192 antequam
927 1109 962 1171 iu
984 1107 1167 1174 Britannia
1182 1116 1226 1193 ty-

126 1208 295 1272 rannidem
310 1211 513 1293 reprimeret,
522 1209 710 1275 Theodosii
723 1209 889 1295 priucipis
903 1211 938 1275 iu
950 1210 1130 1275 Britannia
1142 1231 1227 1278 com·

127 1311 315 1377 militonem
330 1312 453 1378 luisse.

128 1478 173 1544 A.
189 1476 236 1545 U.
250 1477 291 1545 G.
309 1492 485 1544 ucxxur.
515 1478 644 1545 christi
660 1494 826 1545 ccccxx.
859 1478 1093 1547 Valentiniani
1110 1490 1148 1547 et
1161 1482 1229 1548 Va·

51 1611 54 1619 ¹
172 1581 275 1647 lentis
302 1582 414 1666 Augg.
444 1582 535 1667 Imp.
563 1599 632 1648 v11.
661 1583 816 1649 Gratiani
844 1583 933 1668 Imp.
963 1601 1014 1648 ιν.
1058 1585 1231 1651 Theodos.

173 1685 280 1750 AEtat.
297 1699 396 1748 xxv.

171 1804 386 1871 Theodosius
401 1812 499 1889 pater
513 1812 594 1890 post
604 1811 760 1892 pacatam
770 1805 983 1871 Britanniam
993 1805 1229 1875 Constantino

75 1930 81 1939 ·
130 1906 235 1991 polim
251 1907 347 1973 redit.

130 2075 177 2143 A.
203 2076 248 2142 U.
276 2077 316 2143 c.
343 2093 492 2141 mcxxv.
526 2076 653 2142 Christi
671 2091 873 2143 ccouxxn.
907 2075 1080 2143 Valentio.
1105 2083 1141 2142 et
1163 2075 1233 2143 Va·

175 2180 254 2248 leut.
269 2179 379 2265 Augg.
407 2180 497 2264 Imp.
514 2196 571 2244 rx.
594 2179 747 2246 Gratian.
763 2179 849 2265 lmp.
865 2196 918 2245 vl.
940 2177 1115 2245 Theodos.
1127 2181 1234 2248 AEtat.

177 2298 310 2346 xxvii.

176 2401 269 2466 Dum
296 2407 403 2484 pater,
442 2407 510 2466 tum
539 2402 688 2486 equiturn
717 2402 889 2484 magister,
919 2400 1110 2468 Alamauos
1147 2410 1235 2468 metu

134 2505 305 2589 dispersos
328 2524 505 2589 aggressus
529 2525 587 2590 per
610 2505 765 2571 Rhaetias
789 2505 910 2589 partim
935 2505 1051 2584 caedit,
1066 2507 1190 2589 partim
1205 2508 1236 2571 iu

133 2608 271 2674 Italiam
287 2608 436 2687 abducit,
459 2609 534 2693 ipse
552 2608 687 2675 Moesiae
709 2610 778 2674 dux
795 2628 872 2673 cum
895 2616 998 2686 esset,
1013 2609 1143 2673 bellum
1159 2629 1236 2674 cou-

133 2721 187 2777 tra
202 2710 344 2791 Quados
358 2712 485 2777 infelici
506 2715 600 2778 exitu
618 2720 813 2797 susceptum
828 2710 993 2779 instaurat
1012 2719 1046 2776 et
1062 2711 1238 2778 Sarmatas

134 2816 292 2900 reprimit.
337 2815 395 2881 Ita
406 2816 604 2881 Ammianus
614 2817 673 2881 lib.
691 2831 839 2880 xxvrn.

27 3095 31 3101 ὁ
136 2995 179 3066 A.
197 2998 243 3065 U.
259 2998 298 3064 C.
323 3017 490 3066 mcxxvr.
526 2999 885 3066 Christicccuxxur.
921 2995 1238 3069 ValentinetVa:

245 3105 324 3168 lent.
342 3119 382 3168 X.
404 3103 557 3169 Gratiani
575 3120 643 3168 vu.
665 3099 1130 3167 Theodos.'AEtat.xxv111.

181 3223 396 3308 Theodosius
411 3232 508 3308 pater
524 3223 672 3288 Firmum
689 3221 814 3288 Africae
837 3228 1015 3304 tyranuum
1031 3217 1076 3283 ad
1095 3219 1240 3284 deditio·

114 3346 213 3402 ¹nem
237 3327 341 3409 cogit,
368 3336 472 3412 atque
499 3327 616 3391 iterum
639 3324 853 3389 rebellantem
876 3321 919 3387 ad
942 3320 1100 3405 laqueum
1127 3322 1241 3406 adigit,

75 3506 77 3510 ⁸
137 3429 240 3494 refert
251 3429 461 3496 Ammianus.
507 3429 601 3494 Idem
616 3427 816 3509 Carthagine
831 3425 866 3488 iu
878 3423 997 3488 Africa
1009 3430 1090 3507 post
1102 3442 1240 3508 suscep-

139 3538 210 3601 tum
226 3533 432 3616 baptismum
455 3532 669 3616 iniquissima
693 3548 777 3593 nece
804 3527 947 3592 affectus
974 3532 1027 3590 est
1049 3524 1242 3602 aValeute,

140 3637 231 3720 quod
244 3635 322 3700 huic
333 3635 374 3699 de
388 3654 588 3699 successore
598 3653 656 3718 per
667 3632 818 3714 magicas
830 3635 918 3695 artes
926 3628 1121 3713 inquirenti,
1133 3631 1242 3713 prima

140 3738 234 3806 illius
257 3739 403 3804 nominis
422 3739 584 3802 elementa
606 3735 741 3821 prodita
762 3733 907 3798 luissent
925 3729 1040 3797 Theod.
1085 3731 1243 3797 Theodo-

141 3863 198 3910 rus
213 3864 304 3923 raro,
316 3843 406 3929 quod
418 3841 484 3906 sihi
495 3843 539 3905 oh
551 3839 746 3905 affinitatem
761 3836 906 3902 nominis
920 3834 1099 3918 imperium
1114 3854 1243 3918 praesu·

141 3953 257 4024 meret,
273 3948 424 4011 scelestae
433 3943 602 4026 cupidinis
613 3942 723 4025 justas
733 3958 854 4023 poeuas
866 3938 1038 4022 persolvit.
1061 3936 1243 4017 Quaesitus

144 4051 186 4114 ad
205 4071 319 4132 parem
334 4048 540 4114 subeundam
565 4051 686 4109 sortem
708 4041 892 4108 Theodosii
917 4040 1007 4105 filius
1025 4040 1098 4127 jam
1119 4040 1246 4106 bellica

144 4152 264 4218 virtute
279 4152 496 4229 clarissimus,
510 4150 590 4232 fuga
605 4168 676 4214 suae
693 4146 791 4213 saluti
803 4143 962 4229 providit.
