2730 4726
125 272 214 341 lm
444 282 605 335 luetur!
630 285 904 339 naumurum

127 433 257 500 sirlioue
275 429 436 496 differret.
477 429 617 515 Quippe
631 431 723 495 omui
735 428 867 511 Airies,
880 418 985 517 uuam
1000 433 1119 502 delere
1131 440 1232 505 ssu·

126 540 210 613 esst,
228 530 425 612 exhausta:
445 532 602 598 omuibus
622 532 767 598 insulis‘
789 534 986 614 exinanitis,
1006 536 1142 604 inliniti'
1158 546 1233 605 tuu-

127 636 222 723 poris
244 654 411 700 monam
436 642 666 715 congesserat
708 634 743 699 2.
765 635 837 700 Sed
857 636 977 702 «lirina
998 659 1114 719 meus,
1134 647 1172 707 et
1188 642 1234 727 ip·

128 739 201 804 sius
218 738 312 803 urbis
333 744 461 803 aeterua
480 735 642 820 majestas
660 736 788 802 nefario
806 739 936 803 bomini
953 741 1115 824 eripuere
1128 744 1234 809 cousi·

127 841 223 918 lium,
237 846 276 905 ut
296 859 341 904 ex
359 841 546 905 inveterato
567 838 629 904 illo
651 846 788 923 torpore
807 859 851 905 ae
871 840 1078 910 murinis
1101 845 1235 913 latebris

128 943 242 1008 subito
265 948 510 1027 prorumperet,
528 948 575 1019 et,
595 948 773 1006 consumto
792 961 854 1026 per
875 943 1031 1009 desidias
1052 944 1237 1025 sexennio,⁴

128 1044 241 1129 ipsum
260 1044 351 1110 diem
366 1044 489 1107 natalis
503 1044 557 1108 sui
572 1042 697 1108 ultima
710 1063 776 1108 sua
787 1043 883 1110 erede
896 1045 1057 1128 signaret,
1071 1069 1118 1113 ue
1132 1057 1238 1134 septe·
1253 1035 1256 1041 ’

129 1147 259 1212 narium
279 1146 373 1211 illum
393 1165 581 1225 numerum,
603 1164 738 1211 suerum
760 1154 796 1213 et
815 1147 1022 1230 religiosum,
1046 1151 1107 1216 vel
1127 1151 1238 1217 inobo-

130 1247 217 1315 aoslo
239 1248 391 1316 violaret.
434 1248 467 1314 a
490 1248 538 1314 At
558 1247 732 1332 quomodo
750 1249 910 1316 instruxit
931 1251 1043 1316 aeiem
1065 1259 1124 1320 tot
1144 1272 1238 1318 anno

129 1371 202 1416 rum
225 1351 364 1416 vernula
384 1350 635 1437 purpuratnsl·
677 1349 735 1415 lta
755 1370 905 1435 prorsus,
918 1353 1062 1437 nequis
1084 1355 1240 1432 evadere,

130 1473 175 1518 ue
200 1453 288 1537 quis,
310 1459 351 1520 ut
371 1453 420 1532 iit,
441 1454 518 1519 loeo
538 1457 652 1517 motus
671 1451 797 1516 reterre
820 1452 974 1534 gradum,
996 1459 1033 1518 et
1053 1455 1240 1523 instaurare

131 1556 283 1641 praelium
297 1562 434 1640 posset3
456 1575 531 1621 oum
546 1575 570 1622 a
582 1554 693 1620 fronte
707 1555 822 1632 armis,
833 1575 856 1621 a
866 1562 961 1640 tergo
971 1557 1094 1623 Tiberi
1104 1559 1240 1625 ilumiuu

132 1665 347 1743 premeretur.
388 1661 422 1723 4.
445 1659 487 1724 In
509 1677 579 1742 quo
600 1658 660 1723 ille
677 1677 755 1737 oon,
770 1658 975 1738 mehercule,
992 1661 1168 1743 cogitavit
1186 1680 1240 1727 ne·

132 1761 322 1827 cessitatem
335 1761 523 1839 resistendi,
539 1761 602 1826 sed
614 1761 897 1845 propinquitatem
911 1762 1118 1844 refugiendi.
1163 1761 1243 1829 Nisi

132 1862 218 1929 forte
237 1863 311 1947 Jam
332 1864 492 1942 sentiens,
507 1863 595 1928 diem
617 1863 684 1927 sibi
708 1863 842 1928 venisse
857 1862 1010 1943 fatalem,
1025 1863 1072 1928 ad
1086 1863 1243 1929 solatium

134 1985 206 2032 sum
227 1968 347 2034 mortis
368 1966 477 2034 voluit
497 1983 615 2031 seeum
630 1963 761 2029 trahere
776 1966 1054 2049 quamplurimos,
1069 1973 1112 2031 ut
1124 1985 1243 2033 omues

134 2075 251 2134 esseut
271 2071 382 2135 exitus
403 2069 458 2134 sui
478 2068 631 2145 comites,
646 2067 706 2151 qui
724 2066 891 2131 scelerum
906 2054 1097 2152 participes
1111 2068 1243 2134 extitis·

135 2178 220 2237 sent.
262 2173 295 2236 b.
318 2170 413 2249 Quid
432 2171 521 2237 euim
542 2169 636 2236 aliud
655 2168 749 2233 illum
766 2188 922 2253 sperasse
942 2170 1147 2237 credendum
1170 2171 1244 2238 esti

136 2273 194 2356 qui
213 2272 286 2357 Jam
307 2280 387 2338 ante
406 2274 547 2339 biduum
566 2271 693 2357 palatio
712 2272 942 2356 emigraverat,
961 2277 997 2337 et
1016 2293 1095 2338 cum
1114 2269 1245 2340 uxore¹

598 2451 779 2476 nomenve·

135 2558 226 2609 uiribus
237 2559 300 2610 Vet.
318 2560 402 2610 Livio.
413 2560 515 2612 Bertiu.
529 2561 646 2612 Gruter
658 2565 820 2612 roseata-2
836 2560 886 2612 Sed
902 2562 999 2612 dumbs
1015 2575 1083 2612 usas
1097 2562 1142 2613 ed.
1158 2564 1245 2618 Lisia.

137 2624 187 2674 Sed
195 2625 279 2676 diulus
288 2640 355 2675 meus
366 2627 429 2676 Vet.
442 2627 525 2677 Lirim
535 2628 644 2691 cuspin.
656 2627 774 2677 Rhensn.
785 2635 813 2678 st
825 2635 923 2677 cetera
935 2640 1027 2677 omues
1041 2626 1105 2677 edd.
1132 2644 1179 2690 per
1187 2630 1248 2680 derb

136 2690 192 2739 aius
201 2692 267 2740 sessio
278 2691 339 2741 edd.
351 2697 412 2740 ante
423 2693 518 2741 Cellsr.
550 2693 624 2750 Mox,
636 2707 684 2756 pro
694 2694 789 2747 suurn,
798 2690 902 2742 Acidal.
913 2692 980 2756 conj.
990 2692 1111 2742 ultimam·
1127 2693 1247 2745 Rbensu.

136 2756 228 2817 Stepb.
243 2756 328 2808 Livio.
338 2756 427 2806 Rislu.
443 2759 605 2821 septenariam
620 2772 759 2816 asuerum
775 2758 838 2807 Vet.
855 2757 941 2806 Lirin.
957 2756 1063 2806 Bertiu.
1083 2757 1197 2822 cuspin.
1213 2759 1245 2810 P.

136 2821 231 2883 Steplr.
239 2819 319 2872 Grut.
331 2827 357 2870 et
369 2830 483 2872 recenti.
495 2837 516 2871 s.
526 2823 595 2872 illum
605 2836 735 2872 nummus.
760 2821 880 2871 Rbensu.
898 2821 934 2871 Η.
953 2822 1044 2885 Stsplr.
1055 2822 1145 2872 bisin.
1158 2824 1246 2874 Risio.

139 2885 223 2934 Brun.
242 2887 381 2948 religs'ossm
404 2888 552 2951 insimulor
587 2888 649 2937 Ver.
670 2889 783 2937 Puteau.
811 2886 916 2936 Berlin.
938 2887 1048 2949 cuspin.
1070 2886 1162 2936 Moerl.
1182 2889 1246 2940 Ere.

101 2970 107 2979 ¹
137 2950 285 3000 Seboulror.
296 2952 327 3001 P.
338 2952 429 3014 Stepb.
440 2951 519 3003 Grut.
527 2958 556 3001 et
567 2959 679 3002 receutt.
695 2952 845 3014 religiosam,
855 2953 894 3001 vel
904 2952 1051 3009 imbuendos
1078 2952 1170 3017 ‘qood
1181 2954 1247 3003 reei-

138 3015 262 3128 Rieudnm
274 3029 331 3066 esse
343 3018 407 3066 satis
421 3031 551 3081 superque
563 3014 664 3067 claret!
673 3016 816 3077 laga-s
824 3016 935 3078 prabum
942 3017 1019 3078 possit
1029 3015 1102 3066 ll.et
1112 3016 1145 3067 Ρ.
1153 3017 1246 3082 Stepb.

166 3079 228 3130 isin.
240 3086 268 3131 et
279 3082 314 3131 sl.
326 3089 390 3132 vett.
401 3090 462 3133 suto
476 3082 558 3134 Livio.
580 3096 606 3146 p.
621 3086 699 3146 posset
711 3082 774 3131 Vet·
792 3081 906 3131 Puteso.
923 3081 1008 3130 Livio.
1018 3088 1047 3131 st
1058 3080 1121 3131 edd.
1133 3090 1247 3134 reeentt.

635 3226 747 3279 NOTAE

170 3323 183 3359 l
199 3322 287 3385 Afrieu
299 3357 306 3373 .
317 3355 326 3374 .
337 3359 345 3376 .
355 3322 484 3387 subausta]
504 3323 673 3375 ‘Maxentius
709 3329 758 3380 ret,
769 3323 855 3374 rietus
866 3322 1016 3374 iu‘l'iberim
1026 3323 1151 3390 delapsus
1160 3330 1247 3390 estut

140 3402 323 3466 Carthaginem
342 3409 471 3453 tsrrsrum
490 3402 579 3467 decos,
595 3403 673 3452 simul
708 3399 776 3450 ‹lieit
788 3398 865 3451 iufrs.

140 3477 239 3531 Airioae
257 3480 405 3544 pulchriora
417 3481 523 3543 vastari,
533 3480 623 3544 diripi,
636 3480 674 3530 in·
740 3484 752 3510 ⁴
773 3476 877 3526 Veruulu
899 3476 1057 3540 purpruutus]
1084 3476 1247 3526 Maxentius.

139 3557 266 3623 crudique
274 3555 409 3620 jusserat!
443 3547 533 3606 Aurei.
544 3556 643 3605 Victor.
712 3551 790 3601 Haud
803 3551 920 3602 absimile
931 3551 995 3602 illud
1007 3551 1102 3603 Paesti
1120 3555 1148 3602 iu
1164 3552 1247 3603 Tirso-

171 3633 318 3682 ⁶0mailus
336 3632 433 3697 insulis]
451 3631 575 3697 Inprimis
586 3630 676 3682 Sicilia
712 3628 768 3677 dos.
796 3628 828 3677 de
862 3628 982 3678 Maximo
1014 3634 1148 3692 tyranno:
1176 3629 1247 3679 ‘Ille

140 3713 169 3758 et
181 3707 309 3759 Sardinia.
711 3706 841 3770 quondum
866 3705 957 3755 (lomus
981 3712 1036 3755 tute
1057 3705 1249 3769 negligentissi-

173 3784 185 3819 d
210 3786 337 3836 Consumto
363 3798 407 3848 per
432 3783 537 3835 desidius
562 3781 675 3833 sexennio
710 3797 766 3832 mos
779 3780 903 3832 vernula!

142 3859 231 3926 [sorio]
248 3860 339 3910 Malim
358 3860 469 3910 musonio
487 3858 675 3909 irtvultPeta·
742 3857 830 3908 ‘Cum
852 3858 937 3922 uxore]
960 3855 1114 3919 Magnentis
1137 3857 1245 3922 Urbica,

141 3936 198 3985 rius
212 3937 244 3986 de
261 3935 389 3987 Doetriua
407 3936 499 3999 Temp.
518 3949 550 3984 ιι.
569 3939 609 3984 tl.
629 3948 675 3983 sex
711 3935 806 3997 prioris
825 3933 923 3985 Galerii
946 3932 1063 3995 conjugis
1082 3931 1147 3997 lilia,
1170 3933 1247 3997 enjus

142 4013 211 4064 enlm
222 4027 303 4063 sonos
313 4012 477 4078 tyrannidem
486 4011 676 4075 occupavitdo·
710 4024 827 4061 unurmos
856 4010 940 4060 refert
960 4010 1096 4060 Tristsuus
1119 4009 1145 4059 lu
1171 4010 1247 4062 Com·

142 4090 293 4140 necultims
304 4087 502 4140 sexenniiillius
513 4086 574 4148 die3
591 4087 675 4150 prius·
711 4093 791 4138 ment.
805 4086 953 4138 Historieis.

142 4179 220 4231 qoam
234 4165 410 4232 septenarium
426 4177 559 4216 numerum
573 4164 676 4215 incloa-
