2730 4726
135 295 222 363 1322
461 312 617 362 rucnurr
645 315 917 368 annueramus

135 592 225 659 Car.
251 609 274 657 r.
311 594 343 657 1.
367 570 588 657 Drxnutnr
605 593 685 660 licet
698 597 843 678 plurimi,
855 598 1020 684 multique
1034 602 1154 669 dicturi
1171 604 1243 669 sint

135 715 187 776 ea,
204 698 325 781 quibus
341 697 455 761 omnia
469 696 562 760 facta
576 704 697 773 vestra,
709 718 979 785 summarumque
996 705 1154 771 virtutum
1170 728 1242 772 me·

134 805 199 870 rita
224 803 409 880 laudantur,
432 801 653 869 sacratissimi
679 806 866 889 Principes,
892 808 1117 890 Maximiane,
1141 815 1240 892 velis,

133 909 249 985 nolis,⁸
273 926 406 990 semper
432 903 598 987 Auguste,
623 916 657 972 et
684 908 919 990 Constantine,
943 915 1056 978 oriens
1086 916 1241 999 Impera·

133 1009 229 1093 tor;b
255 1010 336 1075 mibi
360 1018 471 1073 tamen
494 1015 622 1073 certum
650 1018 713 1086 est,
736 1033 778 1077 ea
800 1016 972 1099 praecipue
994 1018 1061 1081 isto
1084 1037 1241 1082 sermone

133 1114 326 1198 complecti,
342 1132 420 1197 quae
436 1119 515 1175 suut
528 1109 627 1195 hujus
642 1115 780 1196 propria
795 1115 932 1194 laetitiae,
946 1138 1014 1201 qua
1030 1120 1092 1193 tibi
1108 1118 1240 1187 Caesari

133 1219 285 1285 additum
306 1233 427 1280 nomeu
449 1214 607 1298 imperii,⁰
629 1222 662 1280 et
681 1217 819 1282 istarum
841 1219 1027 1284 coelestium
1043 1225 1237 1306 nuptiarum

133 1316 242 1386 festa⁶
264 1319 487 1384 celebrantur.
530 1316 564 1380 2.
586 1316 707 1383 Cetera
724 1321 808 1383 euim
824 1321 860 1384 in
875 1324 1118 1407 rempublicam
1135 1326 1237 1391 bene·

132 1424 211 1491 ficia
224 1428 334 1489 vestra
347 1425 489 1504 possunt
503 1418 618 1484 multis
633 1422 870 1488 occasionibus
884 1424 1090 1496 diversorum
1106 1434 1237 1512 tempo-

132 1547 206 1592 rum
230 1523 427 1609 praedicari:
451 1522 531 1586 huic
557 1526 657 1586 voto⁸
680 1526 818 1607 propria
840 1546 929 1591 nunc
951 1527 1093 1593 debetur
1114 1533 1235 1609 oratio,

132 1627 221 1713 qnod
237 1626 341 1692 semel
356 1625 482 1689 factum
496 1624 641 1688 futurum
657 1630 709 1689 est
724 1628 970 1711 sempiternum.
1013 1633 1046 1695 3.
1070 1631 1235 1717 Equidem

133 1731 219 1809 scio,
235 1727 448 1812 gaudentium
469 1726 585 1791 studia
598 1745 687 1791 nunc
702 1728 752 1793 ita
770 1737 841 1795 toto
858 1733 938 1796 orbe
953 1733 1139 1811 florescere,
1155 1755 1234 1819 qua·

131 1850 274 1918 cumque
296 1831 403 1897 Fama
422 1829 512 1894 ultra
530 1837 696 1908 naturam,
711 1851 779 1914 qua
799 1831 934 1917 fingitur
949 1835 1125 1902 discursus
1141 1839 1234 1904 volu-

592 2009 774 2032 §novenum

163 2115 196 2165 lu
215 2114 327 2178 Guelplr.
345 2113 430 2163 nuilus
443 2111 575 2163 Orationis
591 2111 682 2161 titulus
699 2117 797 2163 exstet.
832 2112 865 2162 ln
877 2112 938 2163 edd.
949 2115 1056 2165 Patent.
1068 2115 1187 2170 liirensu.
1197 2119 1233 2169 Η.

130 2186 158 2230 et
169 2182 201 2230 R.
212 2180 305 2243 suph.
319 2179 404 2229 Ririn·
421 2178 580 2234 inscribitur,
592 2179 758 2243 Panegyricus
771 2179 921 2237 Maximiano
931 2184 956 2234 et
968 2181 1126 2229 Centaurion
1138 2186 1233 2245 Augus·

86 2264 89 2268 ·
130 2246 165 2295 tis
175 2246 253 2295 distas
259 2260 270 2303 ,·
290 2245 315 2292 in
327 2243 423 2293 Cellsr.
441 2242 618 2306 Epitltalarrsiss
627 2243 714 2292 menti
724 2243 830 2292 auctoris
843 2243 993 2293 Maximiano
1003 2250 1027 2293 et
1039 2246 1234 2297 Constantinam

129 2309 200 2369 aaa
210 2314 235 2358 et
252 2309 348 2358 Fausta
358 2307 450 2369 nuptiis
458 2308 554 2365 dietam
565 2310 590 2354 lu
606 2306 666 2357 edd.
678 2307 762 2357 Lirin.
773 2308 858 2357 Peris‘.
872 2309 957 2358 Banu.
971 2309 1086 2359 Patarol.
1097 2318 1125 2361 et
1135 2311 1153 2362 J
1156 2314 1236 2376 ageri

131 2373 222 2422 Incerti
233 2373 399 2436 Panegyricus
410 2372 561 2421 Maximiano
571 2376 595 2421 et
609 2373 773 2421 Constantino.
801 2372 870 2421 Vide
883 2374 959 2423 Nott.
970 2375 1046 2423 Vsrr.

164 2439 261 2486 Car-1.
274 2441 286 2486 l
297 2439 419 2487 Diaerant
430 2469 454 2486 ..
467 2471 474 2487 .
486 2443 575 2487 sestea
586 2437 699 2500 Gueipb·
715 2437 769 2496 titi,
778 2438 862 2486 cm
869 2437 931 2487 Vet.
941 2439 1050 2487 Putean.
1068 2439 1233 2494 Mox,reorrses

130 2502 287 2565 Imperatoris
293 2503 362 2565 conj.
370 2501 474 2551 Acidal.
502 2502 638 2563 nuptiarum
649 2503 723 2551 abest
733 2516 749 2550 a
760 2502 924 2566 canipa-a
941 2503 1055 2565 Grrelpb.
1067 2517 1131 2554 uena
1138 2506 1233 2566 propria

101 2575 107 2589 ⁶
128 2569 180 2616 do.
189 2565 630 2630 quodsemelestsaetnmjretnrem.-3
649 2567 725 2617 Fama
732 2573 787 2615 retra
798 2574 909 2617 naturam
919 2569 988 2617 eene
1000 2570 1067 2630 conj.
1080 2567 1183 2618 Acidal.
1192 2570 1232 2618 vel

131 2632 208 2682 Fama
219 2634 284 2683 altra
295 2647 372 2697 qaam,
382 2636 423 2696 aa.
435 2633 527 2682 omisso
537 2633 572 2694 roi
582 2637 701 2682 nmmum.
735 2633 809 2690 Mox,
825 2631 893 2682 idem
904 2631 1006 2684 Acidal.
1016 2633 1069 2698 legi
1080 2633 1168 2700 jubet,
1183 2635 1232 2684 dis·

625 2792 735 2844 NOTAE

161 2898 174 2927 ⁸
194 2891 268 2956 Velis,
285 2891 360 2956 nolis]
377 2889 532 2942 Adulstorie
551 2889 659 2946 dietum,
700 2889 786 2954 potius
801 2905 879 2955 quarn
894 2891 998 2955 imperii.
1029 2879 1066 2943 Et
1087 2907 1149 2945 roro
1164 2893 1233 2947 infra

130 2969 203 3034 qussi
221 2969 393 3018 Maximianus
405 2969 511 3024 invitus,
523 2975 550 3018 et
567 2967 599 3016 ad
616 2967 659 3016 ob·
700 2980 759 3030 cap·
775 2979 808 3015 11·
826 2968 880 3017 ‘Et
891 2967 938 3017 tibi
949 2969 1121 3031 Constantine
1132 2986 1179 3034 per
1190 2987 1231 3023 so·

128 3046 289 3108 sequendum
307 3051 408 3095 tantum
427 3046 495 3106 Diis,
513 3043 658 3094 abdicatam
699 3056 787 3091 cerum
798 3056 890 3092 nomeu
902 3044 1067 3107 imperatoris
1079 3047 1213 3098 accrevit!

129 3128 309 3186 antequstuor
320 3135 400 3171 annos
410 3135 550 3185 purpuram
562 3134 659 3168 resurn-
731 3114 907 3182 “Nuptiarum
919 3121 1000 3184 serta]
1019 3121 1180 3174 Constantini
1205 3132 1233 3176 et

128 3197 213 3245 sisset·
246 3196 322 3248 Quod
341 3205 428 3247 tamen
449 3195 659 3259 reginandicupi·
699 3195 801 3244 Fausta
811 3195 1254 3264 Manimisuiea'l'lieodurufiiiuu¹

129 3272 223 3331 ditate,
235 3281 262 3324 et
273 3273 417 3324 solitudinis
428 3272 506 3323 taediu
520 3273 552 3321 ab
565 3287 595 3322 eo
605 3271 658 3322 fac·
700 3271 759 3321 via.
772 3271 869 3320 Errseb.
880 3271 976 3321 Zoslm.
989 3271 1084 3321 Zonar.
1093 3276 1142 3323 &a

128 3352 184 3398 tum
203 3347 311 3399 tradunt
322 3350 431 3413 Eutrop.
443 3348 546 3406 Victor,
563 3347 658 3397 etalii.
731 3353 742 3380 θ
759 3345 826 3396 Huic
841 3346 906 3409 noto]
924 3346 1037 3396 Videtur
1055 3356 1149 3399 auctor
1164 3350 1232 3402 hane

129 3423 315 3475 Maximianum
327 3426 417 3474 barum
432 3425 579 3488 nuptiarum
594 3433 656 3474 teru-
699 3422 843 3472 orationem
864 3421 986 3472 ‘votum'
1013 3423 1166 3488 inscriptam
1188 3438 1230 3477 vo·

127 3512 191 3564 pore
215 3499 359 3563 Augustum
379 3500 459 3550 fuisse
479 3499 675 3549 videturesse·
698 3499 787 3548 luisse.
832 3500 900 3550 Nam
920 3513 979 3561 cap.
999 3503 1038 3548 lt.
1063 3501 1153 3551 ‘sicat
1170 3503 1232 3554 baie

128 3582 222 3628 contra
243 3575 320 3625 tidem
342 3577 465 3639 historia,
487 3582 516 3626 ut
537 3575 660 3625 observat
699 3586 761 3628 roto
780 3577 917 3642 congruit,
935 3577 1027 3633 idest,
1045 3577 1103 3627 buic
1121 3580 1232 3630 orationi

127 3652 256 3704 Antonius
265 3653 449 3703 Schonbouius.
701 3668 782 3703 meae:
801 3656 839 3702 sic
851 3654 918 3701 enirn
937 3653 998 3716 quia
1009 3653 1180 3716 imperatores
1193 3656 1231 3705 in·

160 3729 172 3764 ὓ
191 3730 279 3780 Oriens
289 3727 428 3793 imperator]
444 3729 511 3777 Tum
522 3727 590 3778 eninr
601 3742 660 3778 cunt
701 3738 755 3780 star
776 3732 892 3781 Deorum
911 3729 1041 3793 colebant,
1061 3737 1088 3778 et
1106 3730 1231 3797 quicquid

127 3807 217 3857 habita
235 3816 274 3857 est
305 3807 395 3862 oratio,
421 3805 605 3854 Constantinus
626 3819 660 3854 ex
700 3806 732 3855 ad
748 3821 792 3856 eos
811 3805 960 3869 pertinebat
976 3818 1078 3854 sacrum
1097 3814 1230 3867 erat,non
1283 3854 1286 3863 ,

130 3883 233 3934 Carere
253 3883 362 3948 primum
385 3880 471 3932 dictus
495 3888 535 3930 est
556 3879 660 3946 Augus·
678 3933 680 3935 ,
699 3886 792 3935 mirum
813 3885 835 3934 si
860 3880 979 3945 ‘return'
999 3883 1113 3946 appellat
1132 3885 1231 3940 oratio·

130 3966 181 4009 tus.
699 3974 768 4024 nem,
779 3974 855 4025 quam
874 3958 924 4023 ipsi
935 3957 1048 4007 fortasse
1066 3960 1232 4024 promiserat.

160 4043 172 4070 ⁰
189 4037 282 4087 Nomen
293 4034 399 4099 imperii]
415 4033 447 4084 lu
462 4034 559 4098 aliquot
571 4049 659 4084 exem·
699 4036 773 4088 lutra
789 4052 811 4087 c.
825 4051 878 4087 vu.
900 4036 964 4085 ‘lta
982 4035 1077 4092 dicam,
1090 4042 1120 4092 ut
1132 4026 1230 4089 ueritas

129 4113 246 4177 pleribus
258 4121 298 4164 est
306 4128 387 4163 nomen
398 4113 481 4176 imper.
515 4113 575 4163 Quo
586 4109 617 4160 iit
629 4119 658 4162 ut
699 4127 763 4166 mea
774 4127 836 4177 erga
848 4120 875 4164 te
886 4109 1032 4163 devotionis
1042 4113 1189 4178 appareat?

129 4190 267 4256 legendum
278 4191 397 4257 suspicer
408 4203 490 4240 nomer
499 4186 658 4255 imperatoris,
709 4251 712 4255 .
