2730 4726
291 313 461 364 urssurrr.
486 311 538 361 nu
562 311 785 361 ununnrrur
810 312 946 361 ransc.
1079 299 1164 365 1137

65 458 258 544 ratorisque
272 458 384 525 fasces
398 464 574 525 veneratus
589 465 691 523 esset.
735 457 803 521 Sed
819 477 925 541 neque
942 457 984 523 ad
1000 462 1164 540 posterio-

66 583 124 629 res
150 583 256 628 anuos
281 563 457 628 commode
479 563 593 628 referri
611 562 666 626 hic
689 566 805 645 potest
819 560 1061 644 Panegyricus.
1107 563 1166 628 Et·

68 667 264 741 enimcum
288 666 320 730 is
341 673 420 731 ante
442 666 579 733 habitus
605 666 659 743 sit,
680 685 781 750 quam
802 664 924 729 educta
939 673 1030 729 esset
1045 667 1166 733 classis

67 768 234 833 adversus
245 768 453 845 Cercusium,
464 759 583 853 utpote
598 769 654 833 cui
665 767 768 832 classi
778 766 898 831 Orator
912 765 1043 831 felicem
1057 789 1166 851 egres·

69 889 147 934 sum
172 871 493 956 expeditionemque
519 871 788 952 ominatu13vix
814 869 975 934 credibile
1001 875 1063 948 est,
1092 890 1167 936 eam

68 971 212 1055 fereper
226 973 396 1038 biennium
420 975 561 1039 inmari
585 980 740 1055 vegetam
756 992 845 1050 esse,
861 974 952 1056 prius
972 992 1074 1057 quam
1089 993 1168 1038 cum

71 1075 240 1139 Caransio
264 1075 465 1140 conflixerit.
517 1076 688 1141 Praeterea
712 1077 746 1140 in
770 1076 834 1141 bac
861 1074 1035 1156 Oratione,
1058 1097 1169 1161 neque

70 1178 193 1242 classis
216 1177 395 1243 infeliciter
420 1179 581 1263 disjectae,
602 1198 710 1263 neque
727 1177 899 1245 Caesarum
915 1199 936 1244 a
953 1181 1169 1247 Diocletiano

70 1286 104 1345 et
120 1280 337 1347 Maximiano
353 1281 426 1367 jam
441 1281 697 1365 designatorum,
712 1281 752 1346 fit
766 1282 901 1347 mentio.

115 1384 161 1449 A.
176 1383 217 1449 C.
231 1385 307 1450 290.
335 1385 547 1451 Diocletiano
562 1384 666 1450 Jovio
691 1401 741 1447 1v.
761 1392 794 1450 et
814 1384 1025 1477 quimiauo
1038 1386 1169 1452 Hercu-

69 1489 118 1554 lio
136 1506 194 1553 ιιι.
216 1488 379 1572 Augustis
395 1488 610 1566 Consulibus
623 1487 820 1565 carausius,
837 1490 924 1553 bello
944 1489 1059 1554 navali
1073 1509 1170 1574 supe-

70 1593 150 1666 rior,
168 1591 370 1657 Maximiani
385 1592 496 1656 classe
517 1593 639 1676 partim
660 1597 772 1676 capta,
794 1593 915 1675 partim
931 1591 1073 1657 adversa
1088 1599 1172 1658 tem·

71 1701 209 1778 pestate
223 1694 376 1778 disjecta,
392 1714 510 1778 pacem
525 1699 559 1758 et
571 1693 718 1779 Augusti
732 1695 868 1759 titulum
883 1694 1036 1758 obtinuit.

116 1796 160 1861 A.
178 1795 220 1861 C.
234 1797 311 1863 291.
334 1796 357 1862 J
359 1799 440 1862 unio
455 1798 647 1881 Tyberiano
665 1815 707 1864 ιι.
729 1806 765 1862 et
780 1797 902 1862 Cassio
916 1795 1026 1861 Dione
1041 1797 1172 1863 Consu·

71 1900 178 1975 libus,
207 1898 442 1966 Diocletianus
473 1906 507 1963 et
533 1899 767 1964 Maximianus
797 1901 1024 1984 imperatores,
1054 1920 1172 1965 venere

73 2002 321 2082 Mediolanum,
336 2008 373 2068 ut
388 2003 432 2067 de
448 2002 638 2068 Caesaribus
654 2003 804 2067 creandis
817 2002 1059 2083 deliberarent;
1075 2009 1174 2087 prout

73 2111 110 2171 et
140 2107 291 2188 sequenti
320 2125 407 2170 anuo
436 2105 665 2171 Constantium
690 2104 857 2183 Oblatum,
886 2103 1094 2168 Constantini
1122 2103 1174 2167 M.

74 2207 229 2286 Patrem,
258 2212 293 2272 et
330 2208 504 2274 Galerium
538 2207 786 2273 Maximianum
817 2206 973 2272 Caesares
1002 2214 1172 2292 nuncupa-

74 2329 168 2376 vere.

122 2411 264 2476 Ceteras
289 2431 341 2477 res
364 2411 480 2476 horum
506 2413 744 2494 imperatorum
770 2412 804 2475 in
829 2413 985 2495 praesenti
1011 2415 1174 2497 prosequi

73 2513 348 2598 supersedemus,
376 2535 453 2580 cum
484 2514 526 2579 ad
554 2514 785 2580 illustrandum
811 2515 900 2581 hunc
931 2515 1174 2600 Panegyricum

75 2637 145 2682 nou
169 2618 366 2701 pertineant.

152 4306 239 4371 Delplr.
250 4311 274 4357 et
288 4306 419 4358 Venetus.
555 4306 648 4370 Paneg.
663 4304 718 4356 Vct.
