2730 4726
125 306 212 373 1286
446 318 611 370 nuunurr
636 317 907 370 ranusrttreus
945 331 948 338 ·

127 457 305 550 conjugiis,
322 483 362 528 ae
377 464 504 541 liberis,
520 469 696 547 ceteroque
711 456 866 527 examine
885 462 1226 545 necessitudinum,¹²¹¹

127 589 168 633 ac
193 586 299 632 rerum
324 586 472 645 suarum,
488 566 533 631 ad
546 567 624 631 loca
639 566 719 630 olim
736 565 865 631 deserta
879 568 1063 645 transirent,
1079 574 1131 645 ut,
1148 588 1226 651 quae

126 670 268 734 fortasse
291 670 357 753 ipsi
373 669 539 753 quondam
561 668 791 752 depraedando
806 674 1035 748 vastaverant,
1051 671 1144 734 culta
1157 670 1230 734 red-

127 772 244 836 derent
261 771 446 835 serviendo.

168 873 257 938 Car.
281 890 337 937 rx.
373 873 403 936 1.
427 870 515 950 Quis
534 873 600 938 hoo
621 894 766 957 unquam
786 872 945 952 futurum,
961 873 1097 938 etiamsi
1112 892 1228 938 coram

126 977 290 1041 voluisset
311 975 415 1052 affari,
431 975 526 1039 Deus
548 986 624 1040 anta
646 997 709 1041 vos
730 976 928 1060 Principes⁶
947 976 1149 1059 persuadere
1170 996 1229 1058 po-

126 1079 273 1152 tuisset,¹¹
297 1077 390 1161 quod
413 1097 499 1140 nune
521 1077 680 1156 uidimus,
695 1089 731 1142 et
750 1077 916 1156 videmus
936 1079 1018 1142 totis
1040 1078 1229 1160 porticibus

127 1181 301 1246 civitatum
318 1179 435 1244 sedere
450 1181 586 1263 captiva
599 1180 732 1261 agmina
743 1181 968 1258 barbarorum,
982 1181 1070 1244 viros
1082 1181 1241 1244 attonita·

124 1282 258 1347 feritate
282 1281 495 1364 trepidantes,
521 1282 743 1366 respicientes
769 1301 853 1346 anus
877 1281 1046 1364 ignaviam
1071 1281 1230 1359 filiorum,

126 1394 251 1469 nuptas
274 1385 478 1461 maritorum,
500 1384 679 1467 copulatas
701 1383 870 1460 vinculis,l
889 1405 1010 1469 pueros
1032 1404 1074 1449 ac
1098 1384 1230 1468 puellas

127 1487 284 1552 familiari
307 1505 470 1550 murmure
490 1486 712 1564 blandientes,
726 1494 830 1570 atque
851 1487 913 1552 hos
929 1507 1047 1552 omnes
1062 1486 1230 1569 provinci-

128 1589 238 1653 alibus
260 1589 379 1652 vestris
402 1588 444 1652 ad
460 1590 660 1672 obsequium
676 1589 884 1669 distributos,
900 1590 1005 1655 donec
1022 1590 1066 1655 ad
1082 1590 1231 1654 destina-

127 1698 181 1756 tos
195 1691 261 1756 sibi
277 1691 385 1755 cultus
400 1693 615 1756 solitudinum
629 1692 852 1757 ducerentur?
896 1693 929 1757 2.
953 1691 1122 1756 Insultare
1132 1699 1146 1728 ⁰
1158 1692 1232 1757 ber·

128 1794 204 1858 aule
219 1793 387 1857 communi
403 1792 588 1857 Galliarum
602 1794 735 1858 nomine
749 1794 844 1874 libet,
855 1800 901 1872 et,
914 1793 1004 1878 quod
1016 1813 1104 1878 paee
1117 1801 1232 1859 vestra

128 1895 261 1981 loquar,
284 1895 370 1978 ipsis
396 1895 602 1980 triumphum
627 1895 824 1978 assignarep
850 1896 1046 1980 provinciis.
1089 1896 1123 1961 3.
1146 1893 1233 1962 Arat

164 2078 175 2112 ⁵
195 2082 255 2129 Cum
263 2079 401 2143 coniugibus
412 2085 434 2129 et
446 2060 538 2140 liberis,
548 2085 671 2145 ceteraque
683 2079 752 2130 turba
762 2080 877 2146 (minium.

162 2152 174 2179 r
188 2147 323 2209 Antequam
329 2146 491 2210 principatum
502 2146 623 2196 teneretis·
687 2143 700 2178 ⁶
720 2144 817 2196 Vinctat
826 2146 911 2196 iisdem
920 2147 1018 2197 uteru.

591 2287 773 2313 omme

132 2389 203 2442 Gnd.
215 2389 300 2439 Mrerl.
312 2387 396 2439 Livio.
406 2388 490 2437 Rben.
503 2387 593 2452 Steph.
605 2393 627 2437 et
640 2404 693 2437 eum
703 2388 863 2450 eonjugium
880 2389 944 2438 vet.
954 2388 1040 2439 Lirin.
1051 2395 1076 2439 et
1090 2404 1143 2438 eum
1155 2390 1249 2452 enaim·

129 2455 376 2571 gi'’1q¹1¹‚⁰dprim¹¹⁸
388 2454 504 2504 restituit
512 2453 588 2503 Grut.
604 2458 727 2517 ceteraque
737 2455 832 2517 agmine
839 2453 910 2504 Gud.
927 2455 1071 2518 deprecando
1081 2460 1236 2505 uastauerant

161 2535 193 2569 ue
242 2552 248 2566 .

165 2536 233 2635 Cala
246 2597 286 2632 ιιι.
319 2589 332 2632 1
346 2582 410 2632 Edd.
424 2589 488 2632 vett.
499 2582 544 2631 etri
554 2597 632 2632 caram
642 2582 769 2639 troluistir,⁸
796 2584 860 2632 Vet.
871 2582 983 2633 Puteun.
993 2584 1064 2634 etiam
1073 2583 1097 2633 εἰ
1106 2599 1188 2634 ceram
1196 2600 1235 2635 m·

134 2650 217 2699 luisset
227 2649 310 2715 uffart,
319 2657 349 2698 ut
360 2649 427 2711 conj.
441 2649 559 2697 Rhenan·
584 2649 694 2697 noluisset
706 2647 781 2711 affari
791 2648 870 2697 etiam
883 2648 971 2698 rebed.
982 2650 1073 2711 langii
1086 2657 1115 2699 et
1126 2650 1236 2713 crispin.

133 2715 206 2764 etiam
218 2715 240 2763 εἰ
250 2728 328 2764 eoram
340 2714 453 2763 rolumret
464 2715 518 2776 qun
529 2712 604 2778 affari
614 2713 681 2761 Deus
692 2714 760 2776 conj.
770 2713 916 2761 Sebonbov.
933 2713 1027 2763 etiamsi
1036 2728 1116 2762 eoram
1126 2715 1237 2764 valuistin

132 2786 156 2829 et
166 2780 241 2844 affari
253 2780 334 2829 Lirin.
347 2787 375 2829 et
386 2779 462 2828 Puul.
474 2779 566 2841 Stepb.
589 2779 650 2840 quod
661 2777 782 2827 nnneoidi
794 2778 900 2828 Puteol.
912 2779 1029 2827 Rbenan.
1043 2777 1077 2828 H.
1086 2779 1178 2843 Stepb.
1192 2780 1237 2828 lu-

132 2845 186 2892 rin·
202 2848 263 2907 quod
273 2860 298 2892 n.
309 2845 411 2893 uidimus
422 2845 481 2893 Ver.
494 2846 603 2893 Pntean.
615 2843 728 2906 Guelplr.
737 2849 764 2891 et
777 2842 841 2893 Erre.
852 2842 997 2893 Sebonbov.
1011 2845 1073 2907 quod
1082 2849 1140 2893 tune
1151 2844 1238 2894 ibidem

132 2910 243 2967 uidimus,
252 2909 317 2971 tatis,
328 2912 368 2972 &a
379 2909 448 2972 conj.
460 2909 561 2957 Acidul.
579 2914 601 2956 et
613 2909 718 2956 ridemus
726 2907 820 2956 desunt
830 2909 857 2955 in
865 2909 954 2956 Moerl.
971 2913 998 2957 ut
1008 2909 1116 2958 ridemur
1123 2909 1239 2973 Guelpb.

133 2976 193 3024 totio
201 2990 226 3037 p.
239 2975 359 3024 viritatem
369 2975 473 3023 inridere
484 2973 554 3023 Gnd.
565 2977 591 3021 2.
614 2973 711 3034 agmina
722 2972 870 3022 Francorum
881 2972 1008 3022 Brouwer
1024 2973 1118 3023 Annal.
1128 2975 1237 3024 Trever.

135 3052 181 3089 ιιι.
193 3053 219 3102 p.
234 3042 288 3088 199.
314 3039 415 3088 veritate
430 3039 574 3102 trepidanter
585 3037 626 3087 ed.
639 3037 725 3085 Ririn.
749 3036 864 3096 feritate,
875 3037 915 3084 vel
925 3038 1053 3087 seueritate
1062 3039 1128 3088 Exn.
1137 3039 1238 3089 Sebon·

135 3104 195 3151 bor.
212 3117 314 3151 annuam
324 3103 446 3163 ignauiam
458 3102 518 3151 edd.
532 3108 597 3151 vett.
618 3117 678 3150 anun
693 3102 816 3163 ignaviam
830 3103 888 3150 Vet.
902 3102 986 3151 Lirin.
998 3102 1105 3165 Caspia.
1117 3103 1238 3153 Rhenum

135 3168 237 3217 nineulie
245 3169 353 3229 copulata
364 3168 426 3215 Vet.
437 3168 549 3217 Putean.
563 3180 648 3229 pueros
658 3171 727 3230 atque
734 3167 824 3229 puellas
831 3166 946 3229 Gnelpb.
973 3169 1239 3229 narentanorum,

135 3233 229 3282 omisso
240 3232 295 3293 ribi,
306 3233 332 3281 in
345 3232 435 3281 eodem
451 3232 602 3282 codice-2
614 3232 723 3294 Cuspio.
736 3241 763 3280 et
771 3233 858 3281 Moetl.
869 3231 935 3287 nter,
947 3233 1009 3294 quod
1016 3247 1026 3290 ,·
1043 3232 1159 3296 Guelpb.
1171 3234 1239 3294 tiber,

137 3294 990 3427 i'ell‘lll“llill'll³5⁰3?'rirlilll'rillgl‘dull¹‘
1007 3297 1239 3428 stultitia

630 3490 742 3541 NOTAE

170 3600 189 3626 ¹²¹
206 3591 324 3641 Examina
331 3588 540 3652 necessitudinum]
557 3588 600 3639 lta
612 3589 667 3637 Pli-
708 3587 768 3639 tro!

137 3670 195 3718 nius
224 3669 323 3730 Paneg.
348 3682 405 3730 erp.
429 3680 509 3716 xxvr.
531 3665 668 3714 ‘examina
740 3664 900 3727 0lnrnlture]
928 3663 1057 3715 Absolute
1080 3665 1192 3717 sumitur
1211 3674 1242 3716 nt

138 3741 290 3795 infantium’
309 3746 354 3806 p'ro
367 3743 444 3791 turba
456 3740 608 3790 infantium:
624 3740 668 3789 ubi
709 3737 766 3790 AEn.
785 3753 813 3789 x.
831 3745 873 3790 20.
890 3739 997 3789 ‘Cernis
1008 3750 1037 3791 nt
1050 3742 1176 3793 insultent
1189 3743 1242 3792 Ru·

138 3823 215 3886 plura
232 3835 265 3869 ex
283 3820 395 3869 Horatio
408 3827 492 3868 sumta
503 3818 621 3881 exempla
631 3823 668 3867 et·
710 3814 776 3871 tuli‚’
791 3820 842 3865 dre.

140 3900 197 3950 tuli.
743 3892 837 3955 PIpm't
863 3891 1008 3956 triumphum
1032 3893 1171 3960 assignare]
1200 3895 1244 3946 Ita

172 3983 184 4008 ¹¹
203 3975 350 4024 Persuadere
368 3970 494 4035 potuisset]
513 3968 616 4018 Alludit
636 3967 670 4018 ad
711 3969 814 4019 restitui
824 3975 881 4031 post
889 3967 1207 4034 Acidalium,Livineium,
1216 3980 1246 4021 et

141 4051 204 4100 illud
217 4051 312 4114 virgil.
328 4047 431 4099 AEneid.
452 4061 492 4096 rx.
514 4050 540 4095 6.
556 4046 670 4107 ‘Turne,
712 4047 864 4106 Gruterum,
875 4044 901 4094 id
913 4053 963 4106 est,
974 4046 1012 4095 eir
1028 4047 1135 4110 gloriam
1153 4049 1245 4098 trium·

141 4121 211 4192 quod
224 4127 420 4191 optantidirum
433 4122 584 4186 promittere
596 4135 671 4169 nemo
712 4121 757 4186 pbi
768 4122 931 4182 attribuere3
947 4135 1005 4171 num
1026 4122 1074 4172 tub
1090 4123 1158 4173 duee
1177 4125 1246 4175 Cou-

142 4201 269 4262 Anderet,
282 4202 408 4252 volvenda
418 4199 474 4250 dier
489 4212 522 4247 en
534 4198 623 4248 attulit
635 4197 680 4269 ulg
712 4196 809 4248 stantia
820 4196 942 4248 barbaros
957 4211 973 4246 e
988 4197 1041 4248 ruia
1056 4197 1151 4250 finibus
1162 4215 1246 4266 pepu-
