2730 4726
137 320 225 385 lete
464 331 632 381 nazarai.
651 331 924 382 enunciamus

136 503 208 568 prae
231 503 269 546 se
292 481 399 559 ferat3
420 499 488 544 nou
511 479 635 563 injuria
657 479 828 544 minuendi
851 487 981 544 metum
1002 479 1147 560 amant,
1166 502 1243 567 quar

137 605 232 669 spem
248 584 574 667 amplificationisex
590 581 822 665 magnitudine
835 581 1063 647 sustulerante

179 686 271 751 Gne.
288 703 347 750 ιιι.
391 686 424 749 l.
447 682 547 764 Quis,
565 705 638 758 oro,
656 684 879 749 Constantine
898 685 1062 762 maxime,
1074 684 1242 768 (praesen-

133 799 201 857 tem
216 790 304 853 euim
318 787 401 852 mibi
415 787 541 870 alloqui
559 786 686 863 videor,
697 787 769 871 qui,
783 788 851 851 etsi
865 794 1052 870 conspectu
1070 785 1182 866 abes,i
1195 807 1241 853 re-

132 893 215 958 velli
238 900 350 956 tanum
371 890 544 955 mentibus
566 909 632 954 uon
655 887 799 973 potes,⁸)
819 889 908 973 quis,
922 889 1073 972 inquam,
1087 892 1241 973 aspirare

133 992 274 1060 laudesj
291 1003 369 1058 tuas
389 992 516 1057 audeat
538 991 774 1076 mquiparandi
795 992 904 1074 magia
922 1011 997 1074 spe,
1012 1011 1120 1074 quam
1134 995 1241 1076 gratia

133 1116 203 1162 uon
215 1094 393 1161 tacendiit'
435 1095 468 1158 2.
490 1092 580 1172 Quis
592 1103 662 1158 tam
681 1107 802 1177 potens
813 1093 922 1170 sandi,
935 1093 1038 1176 cujus
1050 1096 1161 1178 copia
1173 1103 1240 1160 tam

132 1198 239 1280 larga,
263 1203 333 1264 tam
358 1197 455 1271 felix,
478 1216 571 1281 quae,
594 1216 671 1260 cum
684 1198 828 1260 virtutes
841 1197 1088 1272 attrectaverit,
1104 1202 1241 1263 nonant

133 1301 365 1365 circumventa
377 1319 526 1378 numero,
541 1299 722 1382 desperato
744 1301 852 1374 exitu,
866 1305 1016 1380 stupeat,
1030 1306 1094 1363 aut
1106 1302 1240 1365 obtera-

134 1412 189 1467 tur
203 1397 457 1485 magnitudine,k
475 1409 534 1466 aut
556 1401 733 1485 splendore
751 1400 964 1466 obsolefacta
977 1406 1107 1465 tantum
1122 1403 1240 1467 nitoris

131 1503 269 1582 babeat,
284 1510 443 1589 qnantum
457 1523 503 1567 ex
526 1523 633 1568 rerum
652 1504 728 1568 lnce
741 1503 938 1583 collegerit?
982 1503 1016 1565 a
1038 1502 1150 1586 Cujus
1163 1523 1239 1568 cum

133 1606 248 1671 divina
276 1607 395 1683 virtus,
421 1613 457 1670 et
481 1607 558 1688 ejus
583 1604 814 1670 misericordia
837 1624 966 1682 comes,
995 1602 1238 1689 appendixque

130 1709 277 1773 victoria
289 1709 405 1772 urbem
428 1707 574 1772 Romam
595 1727 662 1772 uon
684 1708 951 1791 praecipitantem
971 1708 1162 1790 exceperit,
1181 1706 1237 1771 sod

132 1806 314 1888 afflictam)
329 1829 371 1874 ae
383 1810 486 1892 plane
505 1810 679 1894 jacentem
701 1809 870 1884 excitarit,
886 1808 1054 1885 recrearit,
1069 1811 1235 1890 erexerit;

159 2002 174 2036 ¹
192 1993 286 2043 liuida
295 1996 393 2056 prodeat
402 1995 491 2056 aratio,
500 2009 552 2056 que
563 1993 610 2042 erit
621 1992 688 2052 infra
697 1993 798 2043 tacitast
807 1993 976 2054 cogitationem
987 1993 1155 2054 ringelem.-
1168 1993 1234 2041 mar

128 2071 185 2107 aere
194 2059 235 2122 qai
250 2058 355 2121 publicar
364 2074 443 2108 reram
456 2060 571 2120 praeclare
581 2063 703 2118 gestarum
715 2058 863 2107 laudationes
873 2073 905 2106 ea
912 2057 1020 2121 professo
1029 2057 1177 2120 rumimunt,
1186 2072 1233 2106 eam

127 2122 257 2200 aideaptrrr
267 2139 312 2199 'eae
320 2138 409 2199 augere
423 2125 492 2179 cette,
505 2122 590 2172 nerito
600 2122 686 2172 timent
701 2138 730 2173 ne
745 2139 774 2173 ea
786 2123 905 2187 minuat,
919 2139 973 2186 φο
985 2123 1022 2172 ita
1031 2136 1123 2184 mna
1136 2126 1233 2184 cantat

130 2187 610 2312 ''lfldfiffarimffi‘ammma
620 2251 710 2300 maa
718 2263 766 2297 m
776 2255 851 2312 paee

160 2313 169 2345 t
187 2315 248 2370 Quis
257 2316 353 2379 inquam
363 2321 399 2366 est
409 2317 450 2378 qai
466 2331 520 2365 eam
538 2317 621 2365 landes
631 2321 686 2366 tuae
696 2313 808 2379 celebrat,
818 2329 865 2364 aaa
882 2315 908 2364 id
924 2320 984 2377 agat
1002 2314 1084 2378 petias
1105 2330 1137 2366 ae
1154 2319 1233 2379 taceat,

128 2393 197 2442 qaam
208 2381 269 2442 qaod
278 2386 356 2442 speret
367 2397 392 2430 re
407 2395 447 2430 eae
457 2395 552 2445 aequare
560 2396 627 2443 parre
637 2377 758 2430 mmai?
772 2406 776 2411 ·

592 2521 773 2542 comeum

128 2630 187 2687 port
200 2621 308 2737 Acidak
322 2632 478 2687 receperunt
488 2625 574 2675 Baua.
587 2623 683 2673 cellar.
696 2623 812 2672 Patarol.
822 2621 922 2686 inger.
937 2628 965 2671 et
976 2628 1088 2672 recantt.
1117 2637 1167 2674 aaa
1176 2624 1232 2685 iaie·

127 2689 271 2737 riumcou'.
310 2689 389 2738 cidal.

165 2754 232 2802 Car·
244 2704 288 2802 dr.
318 2758 330 2801 l
350 2752 417 2802 Edd.
430 2759 491 2802 aute
502 2752 594 2801 Arata.
603 2753 683 2801 laudes
695 2757 749 2800 teas
763 2752 858 2809 ualeam
876 2751 938 2799 Vet.
951 2751 1065 2800 Pateau.
1077 2751 1144 2802 Vet.
1155 2751 1232 2802 Lirin.

127 2817 230 2868 Berlin.
242 2817 313 2868 God.
325 2819 412 2866 Maerl.
423 2818 531 2881 cuspin.
548 2819 565 2865 l.
576 2823 596 2865 t.
606 2819 699 2865 audeat.
724 2817 830 2877 Curpin.
844 2815 961 2864 Rbenau.
972 2815 1158 2878 οςιιίριιιιιιάἰς
1175 2819 1232 2867 Vct.

127 2880 241 2932 Putean.
257 2882 439 2946 aequiparanti&
456 2897 503 2946 pra
524 2897 575 2946 quo
597 2881 668 2931 Gad.
690 2881 780 2929 vitiose
797 2881 996 2943 properarat-a
1013 2881 1079 2930 Exe.
1091 2881 1233 2932 Scbonbor.

128 2961 182 2995 mm
191 2949 291 2998 uirtutes
302 2947 454 3008 tuaa'llaec,
472 2962 518 2997 aaa
535 2952 577 2996 aot
592 2962 614 2996 a.
629 2960 654 2995 a.
670 2947 695 2993 d.
706 2961 728 2995 e.
740 2950 843 3007 stupeat,
856 2944 951 2993 desunt
963 2943 988 2992 in
1001 2944 1118 3008 Guelpb.
1147 2947 1233 2997 amaa

127 3012 317 3072 magnitudinem
338 3011 400 3063 edd.
421 3019 481 3061 ante
501 3012 597 3074 Jaeger.
624 3011 747 3059 adimatur
765 3010 930 3071 magnitudine
949 3009 1010 3058 Vet.
1030 3010 1150 3060 Putean.
1168 3010 1234 3062 oue.

42 3074 50 3093 ⁸
129 3075 218 3125 Moerl.
230 3076 328 3138 dapar.
346 3076 474 3141 probante
487 3076 578 3125 Arata.
602 3076 652 3124 luce
669 3075 798 3136 colligatur
811 3075 900 3123 Moerl.
912 3082 940 3123 et
951 3073 1071 3125 (iud-⁸
1091 3076 1233 3137 Ctimeni·

125 3138 208 3190 diviua
227 3140 345 3190 Rhenan.
364 3141 454 3203 steph.
473 3141 557 3190 Lirin.
575 3140 664 3188 Ririn.
683 3139 717 3188 al.
734 3146 799 3189 velt.
825 3140 888 3188 euim
904 3138 982 3186 deest
999 3139 1025 3187 in
1040 3140 1105 3189 Vct.
1123 3141 1231 3190 Putaau.

129 3203 267 3262 Cadurcum
283 3206 332 3255 div.
351 3206 447 3255 babent
462 3205 577 3268 Grrelplr.
588 3205 648 3253 Vct.
665 3204 750 3253 Livio.
766 3203 846 3254 Grut.
862 3212 889 3252 et
907 3210 1021 3253 recrutt.
1034 3218 1089 3253 eam
1104 3206 1171 3254 enim
1188 3206 1233 3256 dia.

126 3267 193 3317 Exc.
210 3270 354 3319 Sebonlrov.
382 3277 406 3320 et
423 3270 472 3331 ejas
489 3272 551 3320 mira
567 3284 643 3318 eomes
662 3269 780 3319 erenan.
798 3267 891 3332 Stcpb.
911 3267 997 3317 Lirin.
1015 3267 1103 3317 Rivin.
1120 3271 1154 3318 al.
1172 3277 1233 3320 vett.

126 3333 176 3380 mia
187 3334 290 3383 Bertin.
317 3340 341 3385 et
352 3334 403 3395 edas
414 3335 575 3385 misericordia
586 3349 662 3382 cemes
678 3335 740 3383 Vct.
757 3334 841 3382 Livio.
860 3332 973 3395 Guelpb.
991 3332 1101 3395 Cuspio.
1114 3334 1194 3385 Grut.
1207 3343 1232 3385 et

126 3403 237 3447 reeentt.
264 3413 311 3448 aaa
326 3399 542 3462 praecipitationem
561 3398 676 3460 Guelpa.
699 3397 852 3460 exceperim
879 3397 952 3446 ictam
965 3395 1087 3447 Rbenau.
1097 3399 1233 3462 Stepb.al.

126 3469 191 3511 vett.
219 3478 241 3511 e.
258 3465 300 3512 sed
318 3464 430 3528 afflictam
447 3466 512 3514 Exe.
532 3464 676 3514 Scbouiror.
692 3478 750 3512 cum
768 3461 829 3511 edd.
872 3462 932 3510 irin.
948 3461 1232 3515 Grat.etreceutt.et

127 3527 164 3576 sic
176 3528 245 3590 conj.
259 3527 361 3576 Acidal.
379 3544 400 3579 e.
418 3543 464 3577 aon
480 3530 595 3595 afflictam
613 3526 726 3589 Gnelpb.
753 3526 804 3576 ‘In
826 3527 1014 3588 antiquioribus
1033 3526 1099 3576 illud
1116 3532 1161 3578 sert
1177 3544 1231 3578 mox

128 3600 188 3640 ants
200 3606 298 3654 eamque
314 3592 467 3655 legebatur!
483 3596 569 3643 Arata.
598 3592 739 3641 excitaverit
756 3591 859 3641 Puteol.
872 3591 989 3641 Rhenan.
1000 3592 1092 3654 steph.
1108 3601 1136 3640 et
1149 3594 1231 3644 Ririn.

126 3658 167 3706 aed
177 3672 274 3719 eamque
286 3657 346 3705 edd.
359 3666 424 3707 vett.
449 3660 491 3707 sed
508 3659 585 3708 deest
603 3659 630 3706 in
645 3657 709 3707 Vet.
727 3657 789 3706 Put.
806 3664 833 3706 et
851 3657 916 3706 Eae.
936 3655 1085 3706 Selronbor.
1113 3660 1230 3709 erexerit:

620 3789 731 3839 NOTAE

156 3886 163 3919 ¹
182 3888 235 3936 Etsi
256 3892 379 3950 conspeetu
399 3886 466 3949 ales]
495 3887 588 3950 Itaque
607 3901 658 3937 non
732 3886 1120 3948 “Amanaaarmgateaatm
1131 3887 1231 3952 [obterat

126 3960 196 4011 dicta
209 3970 249 4012 est
261 3963 316 4013 baec
328 3963 413 4013 oratio
428 3975 514 4012 coram
531 3962 659 4013 Constau·
699 3961 905 4026 magnitudinem]
922 3964 1045 4013 Fortasse
1056 3968 1100 4013 aut
1110 3964 1230 4014 obteratur

127 4038 192 4088 tino.
698 4040 874 4102 magnitudine.

153 4115 162 4157 l
181 4117 298 4180 Arpirare
308 4117 402 4182 tardes]
421 4115 517 4167 Modus
533 4116 657 4182 loquendi
732 4115 738 4148 ¹
753 4115 888 4182 Afflictam]
905 4113 1137 4166 Maxentianoram
1153 4115 1231 4165 latro*

126 4191 200 4241 valde
212 4193 331 4245 insoleus.
699 4190 785 4255 ciniis,
794 4197 822 4242 et
832 4187 940 4242 (moria.
