2730 4726
185 326 272 393 1122
570 343 602 390 c.
625 342 659 389 c.
682 338 900 404 souvvrnzrr

185 486 312 552 Omnia
325 484 414 551 euim
431 492 500 550 turn
515 485 618 551 altius
632 491 728 551 erant
743 484 927 565 efferenda3
948 503 1058 567 neque
1071 484 1176 550 verba
1190 484 1289 552 iure·

185 590 257 653 nire
272 593 438 673 poterant,
457 588 581 672 quibus
596 589 681 652 satis
698 593 881 653 reverenter
902 587 944 651 de
960 586 1151 652 Caesaribus
1165 585 1288 671 loque-

161 696 306 756 .rentur.
361 690 466 766 Hinc,
497 689 575 755 dum
604 709 713 755 novas
743 708 849 756 voces
877 689 1073 755 adinvenire
1104 697 1288 775 coeperunt,

185 791 285 856 valde
298 793 493 877 plerumque
505 793 593 875 lapsi
609 790 708 857 suut?
751 791 945 875 Utcumque
958 799 1071 855 tamen
1089 798 1154 868 est,
1169 792 1204 855 hi
1220 793 1288 877 ipsi

184 893 388 977 Panegyrici
407 893 667 977 haudquaquam
689 899 768 958 sunt
786 890 979 976 spernendi,
1000 913 1076 957 cum
1095 911 1160 957 non
1176 894 1287 959 solum

183 993 345 1060 foecunda
371 1001 636 1078 argumentorum
661 996 862 1072 inventione,
885 1001 917 1059 et
938 996 1023 1059 miro
1046 997 1287 1061 sententiarum

185 1099 341 1163 acumine
365 1099 446 1162 artis
466 1097 624 1162 oratoriae
647 1096 834 1162 cultoribus
858 1096 1019 1180 majorem
1040 1098 1075 1161 in
1096 1097 1232 1163 modum
1247 1117 1287 1164 se
1320 1109 1324 1118 ·

185 1200 431 1278 commendent,
448 1201 624 1266 sedetiam
640 1200 806 1277 historiae,
823 1201 858 1264 in
882 1201 1019 1265 istorum
1040 1200 1177 1283 quidem
1202 1205 1286 1265 tem·

184 1322 306 1387 porum
322 1303 476 1385 caligine,
490 1302 582 1366 baud
604 1320 721 1387 parum
737 1303 929 1368 inserviant.
975 1301 1190 1386 Quapropter
1204 1320 1286 1388 ope·
1352 1322 1354 1325 ·

183 1425 253 1470 ram
271 1425 365 1470 suam
381 1424 447 1468 non
465 1405 552 1469 male
568 1405 735 1469 collocare
749 1404 911 1482 videnlur,
927 1405 984 1488 qni
1000 1424 1073 1469 eam
1089 1405 1131 1469 ad
1148 1423 1287 1470 emacu-

92 1560 95 1564 .
183 1507 286 1571 landa
311 1513 344 1571 et
366 1506 574 1577 illustranda¹
590 1508 649 1571 illa
675 1508 822 1591 antiquae
845 1507 1046 1591 eloquentiae
1069 1515 1286 1572 monumenta

184 1607 367 1673 conferunt.
412 1607 535 1692 Neque
549 1609 635 1674 enim
655 1629 766 1693 pauca
782 1606 906 1674 borum'
923 1610 1003 1673 loca
1025 1609 1136 1674 adhuc
1159 1611 1288 1675 cubant

183 1711 219 1774 in
237 1708 377 1788 mendis,
397 1715 431 1774 et
453 1711 549 1792 quasi
573 1712 719 1776 tenebris
742 1712 968 1776 obducuntur.
1013 1709 1093 1789 Quo
1113 1729 1178 1776 nec
1198 1710 1288 1777 adeo

183 1814 304 1876 mirum
319 1812 419 1876 nobis
434 1831 508 1876 esse
523 1818 648 1895 potest,
663 1814 699 1876 si*
720 1814 918 1895 cogitemus,
940 1831 1072 1896 paucos
1091 1813 1287 1894 admodum,

184 1914 243 1999 qui
258 1916 345 1979 istos
361 1915 589 1998 Panegyricos
608 1914 754 1991 edidere,
769 1900 897 1979 idoneis
920 1914 1082 1979 subsidiis
1104 1913 1212 1980 fuisse
1235 1916 1287 1981 in·

182 2024 341 2083 structos.
395 2016 488 2096 Quin
512 2023 546 2082 et
568 2016 671 2081 bodie
696 2016 812 2081 horum
837 2016 1121 2101 Panegyricomm
1144 2017 1286 2083 codices

182 2117 271 2183 Mss.
296 2119 406 2184 rarius
433 2119 658 2185 invehiuntur.
704 2117 803 2182 Certe
828 2125 952 2201 praeter
974 2118 1125 2183 codicem
1152 2120 1286 2186 charta-

183 2240 291 2297 ceum,
307 2221 364 2304 qui
379 2241 421 2285 ex
438 2220 654 2285 Bibliotheca
665 2219 827 2284 Gudiana
840 2218 1011 2285 redemtus
1024 2219 1235 2305 (quanquam
1250 2223 1286 2287 in

184 2323 339 2405 catalogo
355 2321 513 2388 Gudiano
531 2331 691 2406 tanquam
708 2321 819 2386 codex
834 2323 1111 2387 membranaceus
1130 2323 1286 2408 designe-

183 2428 250 2504 tur)
267 2424 301 2488 in
318 2431 494 2508 augustam
509 2424 760 2489 Bibliothecam
776 2422 1105 2508 Guelpherbytanam
1120 2428 1288 2510 pervenit,

184 2529 219 2591 et
245 2531 366 2609 praeter
393 2532 556 2605 nostrum,
584 2546 682 2611 quem
707 2545 788 2590 mox
813 2528 1158 2606 commemorabimus,
1182 2530 1287 2594 alium

182 2627 347 2711 quendam
374 2628 409 2690 in
443 2626 636 2693 Germanias
667 2628 722 2693 vel
749 2627 906 2694 Bataviae
932 2628 1153 2694 Bibliothecis
1181 2629 1287 2697 hodie

52 2782 55 2789 .
161 2737 314 2807 extare,
330 2730 513 2794 resciscere
533 2729 645 2809 nobis,
670 2731 827 2813 quamvis
843 2729 934 2794 omni
955 2750 1036 2797 cura
1059 2728 1287 2816 investiganti·

183 2834 259 2912 bus,
273 2834 418 2899 necdum
435 2832 593 2917 contigit·

711 3016 763 3081 Π.
868 3028 871 3034 “

219 3131 308 3211 Quae
323 3149 400 3199 vero
413 3132 569 3199 subsidia
582 3133 625 3200 ad
640 3134 704 3199 hos
716 3135 945 3221 Panegyricos
957 3136 1173 3204 illustrandos
1184 3140 1287 3206 nobis

95 3307 97 3311 .
184 3241 310 3317 praesto
332 3235 409 3312 sint,
428 3233 500 3319 jam
517 3236 551 3300 in
568 3237 831 3304 Praefationibus
853 3242 1128 3306 observationum
1146 3241 1191 3307 ad
1214 3242 1284 3308 Pa·

183 3338 376 3421 aegyricum
393 3338 494 3404 Plinii
512 3341 749 3406 indicavimus.
796 3343 934 3408 Potiora
949 3351 1061 3409 tamen
1077 3344 1179 3408 eham
1194 3363 1286 3411 nunc

182 3459 354 3507 recensere
367 3443 470 3508 lubet.
514 3443 665 3509 Primum
682 3444 811 3511 scilicet
826 3445 1039 3528 possidemus
1053 3447 1214 3529 exiguum
1228 3465 1285 3512 co-

184 3542 293 3609 dicem
309 3544 379 3609 Ms.
393 3547 705 3631 quadringentorum
721 3549 855 3613 circiter
876 3567 1048 3643 antrorum,
1071 3551 1154 3614 satis
1167 3549 1285 3630 nitide,

184 3647 340 3730 quamvis
355 3668 376 3711 a
392 3648 465 3712 rudi
480 3649 632 3729 librario,
641 3651 822 3735 scriptum
839 3670 942 3734 quem
954 3652 1088 3734 quidam
1104 3669 1288 3734 possessor

182 3746 322 3831 ἇνώνυμος
345 3769 384 3812 se
409 3752 591 3834 perlegisse
616 3752 671 3816 die
697 3753 750 3817 17.
765 3751 789 3816 J
793 3752 850 3818 ulii
873 3771 928 3817 an.
947 3753 1046 3818 1454.
1070 3754 1105 3841 iu
1125 3753 1284 3836 ligatura,

182 3853 289 3917 multo
303 3851 439 3935 quidem
454 3855 633 3919 recentiore
653 3874 764 3935 manu,
781 3875 879 3938 quam
899 3874 977 3938 quae
1005 3857 1039 3919 in
1065 3857 1141 3938 ipso
1158 3853 1284 3922 codice

185 3944 369 4039 comparet,
391 3958 575 4042 annotavit.
621 3959 663 4023 Iu
687 3958 750 4023 hoc
773 3959 891 4024 codice
915 3965 1039 4042 praeler
1064 3958 1184 4034 Plinii,
1200 3959 1285 4023 allo·
1348 3990 1350 3995 ·

183 4078 324 4142 rumque
345 4065 476 4124 veteres
500 4060 741 4144 Panegyricos,
759 4063 969 4152 quartoloco
984 4061 1128 4127 occuvrh
1141 4059 1284 4127 Mamer·

115 4206 119 4216 .
185 4158 245 4222 tioi
269 4157 412 4227 Consulis
436 4160 625 4230 Gratiarum
643 4164 738 4231 Actio
758 4163 796 4230 de
816 4185 877 4230 suu
890 4161 1065 4230 Consulatu
1086 4161 1171 4249 dicta
1195 4163 1287 4231 Diuo
