2730 4726
315 315 545 367 ιιιιιιιιιιιιιιο
571 316 617 364 ιιι
638 308 928 365 «consulumue.
967 315 1017 363 vr.
1032 299 1064 365 2.
1151 301 1239 367 1323

130 457 223 528 cres‘
235 464 414 538 mutuata:
430 465 464 527 et
478 462 558 544 plus
573 479 674 544 quam
690 460 781 525 mille
799 461 940 527 vocibus
957 477 1091 540 sonora,
1106 482 1236 545 parcre·

128 565 233 643 bruit,
250 570 289 628 ut
302 564 447 628 omnium
461 563 632 627 nationum
649 563 928 644 gratulationibus
944 572 1167 629 consecretur.
1203 567 1237 630 4.

129 664 225 744 Quid
241 663 331 729 enim
342 664 442 728 rebus
456 663 611 727 humanis
627 665 821 746 contingere
837 665 948 748 potuit
963 670 1020 729 aut
1033 667 1182 731 nobilius
1195 665 1238 730 ad

128 767 284 852 gloriam,
297 770 354 830 aut
368 765 494 831 certius
510 765 722 844 adsalutem,
734 786 836 850 quarn
848 766 940 849 quod
951 768 1102 851 pristinae
1116 777 1237 834 vestrae

128 868 333 946 concordiae,
349 873 592 953 perpetuaeque
611 868 729 951 pietati
751 869 817 933 lroc
833 888 971 953 quoque
986 870 1107 953 pignus
1123 889 1239 935 acces·
1319 866 1324 873 ’

130 975 207 1052 sit,⁸
227 989 432 1036 summorum
452 970 625 1034 nominum
648 970 837 1035 arctissima
852 971 1095 1054 conjunctione
1103 985 1248 1036 venera··'

127 1074 212 1153 bile,
228 1083 264 1138 ut
283 1071 489 1156 Imperatori
508 1072 610 1137 filiam
626 1072 843 1137 collocaverit
860 1073 1069 1158 Imperatori
1099 1078 1148 1140 b.
1171 1074 1238 1139 Sed

129 1184 249 1243 tamen·
267 1195 330 1240 uos
353 1181 490 1258 oportet
512 1195 629 1240 omnes
654 1174 802 1240 homiues
826 1177 1032 1242 exultatione
1053 1177 1240 1261 superare,⁸

131 1283 189 1366 qui
211 1280 278 1345 hoc
299 1284 428 1344 mutum
450 1277 648 1361 reipublicae
666 1278 789 1343 bonum
811 1286 995 1362 praesentes
1016 1281 1189 1359 intuemur,
1205 1286 1239 1343 et

130 1385 209 1467 ipsa
230 1382 384 1447 vultuum
400 1387 586 1445 vestrorum
605 1380 887 1464 contemplatione
906 1382 1080 1460 sentimus,
1093 1382 1144 1446 ita
1158 1400 1239 1445 con·

131 1485 266 1551 venisse
290 1503 365 1562 vos,
388 1482 437 1546 ita
461 1501 529 1546 non
556 1481 715 1547 dexteras
740 1488 878 1558 tautum,
905 1483 966 1546 sed
991 1484 1091 1548 etiam
1117 1503 1238 1548 sensas

133 1594 267 1653 vestros
291 1592 489 1667 mentesque
507 1584 672 1667 junxisse,
689 1588 736 1660 ut,
752 1584 783 1648 si
804 1583 875 1647 fieri
894 1585 1015 1668 possit,
1031 1587 1171 1651 transire
1188 1586 1240 1651 in·

134 1690 242 1757 vicem
258 1688 293 1753 iu
308 1692 448 1771 pectora
463 1693 574 1752 vestra
587 1686 746 1770 cupiatis.

170 1793 276 1858 ΟΑΡ.»
289 1809 330 1857 ιι,
367 1789 400 1854 1.
423 1788 516 1867 Quid
535 1789 623 1853 euim
640 1795 698 1854 aut
713 1796 750 1853 tu
766 1789 877 1854 carius
893 1788 986 1867 dare,
1003 1794 1060 1854 aut
1074 1794 1109 1854 tu
1126 1790 1239 1856 carius

134 1894 291 1978 accipere
311 1891 477 1975 potuisti't
500 1910 579 1954 curn
599 1890 663 1955 bac
682 1888 842 1956 affinitate
860 1899 1020 1955 restruet
1036 1891 1239 1970 tibi,Maxi·

133 1999 255 2075 miune,
270 2015 330 2079 per
345 2013 498 2076 generum
508 1992 651 2075 juventa
666 2001 825 2058 renouata
841 1991 910 2073 sit,'¹
931 1999 964 2058 et
978 1995 1053 2073 tibi,
1071 1994 1240 2059 Constan-

133 2101 208 2177 tine,
224 2116 284 2181 per
298 2114 448 2161 socerum
465 2114 587 2159 nomen
604 2094 828 2179 Imperatoris
844 2096 1040 2161 accreverit.
1076 2097 1109 2160 2.
1127 2097 1238 2161 Maxi·

134 2220 205 2266 mas
221 2201 336 2282 itaque
351 2198 459 2275 vobis,
474 2196 592 2262 aeterui
604 2197 798 2280 Principes,
814 2197 952 2281 publico
966 2198 1096 2262 nomine
1112 2200 1239 2279 gratias

133 2296 275 2388 agimus,
292 2299 384 2384 quod
411 2298 640 2382 suscipiendis
660 2299 788 2378 liberis,
811 2299 1038 2383 optandisque
1058 2301 1240 2383 nepotibus

134 2406 256 2472 seriem
271 2403 375 2495 vestri
390 2403 523 2486 generis
539 2398 776 2486 propagandoi
793 2402 949 2465 omnibus
964 2401 1158 2466 infuturum
1174 2423 1239 2469 sae·

133 2507 221 2572 culis
244 2504 441 2589 providetis,
462 2511 501 2569 ut
521 2502 678 2568 Romana
700 2523 766 2582 res,
786 2504 864 2568 olim
889 2503 1032 2569 diuersis
1053 2506 1239 2586 regentium

133 2609 297 2688 moribus,
313 2605 461 2691 fatisque
471 2605 616 2690 jactata,
634 2606 768 2670 taudem
788 2607 960 2690 perpetuis
980 2605 1099 2671 domus
1116 2613 1246 2674 vestrae'

162 2793 176 2818 ⁸
193 2785 226 2833 Ia
242 2797 409 2848 quamcumque
424 2788 517 2847 partem
527 2781 618 2848 diffusa
635 2790 671 2833 est
681 2783 752 2844 sama
769 2797 840 2846 supra
856 2788 978 2848 saturam,
991 2799 1037 2848 qua
1054 2782 1179 2834 exhibetur
1197 2744 1246 2834 sub-⁵

132 2850 410 2916 speeieaaluatisalr'tis.
636 2883 638 2889 .
793 2909 796 2913 ἢ

163 2913 175 2948 ⁶
192 2914 243 2965 Sed
253 2920 332 2965 tames
341 2929 388 2979 par
398 2917 434 2964 est
444 2928 486 2963 aas
497 2913 601 2963 amnium
612 2912 715 2962 maxime
726 2912 815 2962 laetari.

594 3040 773 3064 “euoenon

131 3141 205 3177 cursu
222 3125 326 3176 aalma
342 3124 454 3186 incitata,
472 3129 496 3175 et
511 3125 643 3188 plusquam,
661 3127 702 3188 ise.
737 3125 788 3173 Pru
808 3131 926 3187 mutuata,
942 3126 1031 3176 Arata.
1048 3125 1116 3189 conj.
1134 3125 1238 3176 imitata.

131 3194 194 3243 Vet-
206 3191 292 3240 Lisia.
305 3192 410 3254 cuspin.
423 3190 455 3241 Ρ.
465 3190 596 3252 διερωεῑ
608 3189 687 3239 Grut·
702 3191 893 3252 percrebuit—4
912 3193 977 3247 Quid
995 3192 1065 3240 rebus
1082 3193 1108 3241 b·
1123 3207 1145 3240 e.
1160 3206 1188 3252 pc
1200 3191 1239 3240 rtet

131 3257 237 3306 stabilius
255 3256 369 3320 Guelplr.
393 3269 535 3304 summorum
553 3257 676 3303 numinum
694 3254 755 3303 Vet.
773 3256 935 3305 Puteum-5
952 3258 1018 3305 Voc.
1032 3255 1201 3306 amaee‘deest
1213 3257 1237 3304 iu

132 3322 250 3386 Guelpb.
269 3323 355 3371 Moerl.
373 3320 435 3369 Vet.
453 3320 538 3369 Lirin.
558 3320 662 3370 Berlin.
690 3325 823 3383 mentesque
843 3320 949 3370 cinxisse
965 3321 1080 3370 Rheuau.
1100 3321 1191 3385 Stepb.
1210 3327 1239 3370 et

133 3387 220 3437 Livia.
246 3386 398 3446 sa.juaaisse
407 3387 470 3434 Vet.
483 3385 593 3432 Putean.
606 3385 707 3435 Bestia.
717 3386 826 3449 Caspia.
842 3385 929 3434 Moeri.
939 3386 1052 3451 Guelpb.
1068 3385 1147 3437 Grut.
1159 3393 1185 3436 et
1198 3399 1237 3435 ra·

131 3456 216 3502 cents.
242 3451 342 3500 ianuas
351 3450 425 3499 deest
437 3450 463 3497 iu
476 3449 588 3513 Guelplr.

166 3516 237 3567 Cae.
247 3528 278 3567 ιι.
297 3520 310 3566 1
323 3516 384 3566 Ver.
396 3515 508 3565 Patara.
520 3529 603 3564 acmen
612 3513 723 3578 Imp—2
740 3513 794 3565 Pro
807 3516 970 3581 propaganda,
982 3515 1049 3580 quod
1061 3521 1166 3566 servant
1177 3514 1238 3567 Ver.

543 3619 553 3698 f
628 3644 741 3696 noers

163 3735 444 3798 ‘Discursusoaluered
454 3735 525 3798 Lege
535 3748 592 3783 cum
604 3732 667 3784 Aci·
707 3735 775 3784 enirn
795 3739 849 3784 tum
870 3735 1067 3800 sexagenariam
1083 3748 1177 3784 aunam
1198 3739 1237 3784 at·

131 3813 223 3870 delio,
238 3812 358 3861 Discursu
384 3811 487 3860 uolueris
513 3810 623 3873 incitata,
642 3816 667 3860 et
707 3810 836 3874 tingebat.
873 3847 875 3851 «
1239 3855 1241 3862 .

128 3891 315 3955 prsequamur.
741 3886 925 3950 ¹Pr0puguada
944 3886 1116 3950 [peragenda]
1134 3882 1186 3934 Alii
1204 3897 1237 3933 ex
1301 3915 1306 3928 .

164 3975 179 4012 s
195 3966 292 4029 Pignus
301 3963 411 4029 accessit]
427 3963 458 4014 ld
477 3968 527 4029 est,
543 3963 666 4014 Maximi·
707 3964 789 4013 veteri
809 3965 901 4012 codiee
917 3962 1077 4025 propaganda.
1116 3962 1152 4010 Et
1174 3974 1237 4009 vero

132 4045 176 4094 aui
187 4042 331 4107 tilia,·infra
342 4058 365 4093 e.
376 4057 420 4093 ιιι.
437 4043 512 4092 ‘cum
522 4043 555 4092 ab
566 4057 598 4093 eo
610 4043 665 4107 pig·
706 4053 775 4100 mox,
795 4039 858 4103 ‘qui
880 4036 1045 4101 imperatoria
1066 4037 1150 4104 stirpe
1170 4050 1236 4087 rem·

131 4134 181 4171 aaa
194 4119 241 4181 ipsi
254 4120 411 4169 carissimam
422 4117 589 4183 postulares)
706 4117 834 4184 publicam
845 4111 1015 4182 propagatis!

169 4194 297 4249 *sceau
307 4201 421 4248 renovata
431 4197 476 4262 sit]
489 4195 663 4249 Maximianus
