2730 4726
460 306 743 358 perscrutans.
781 291 932 358 xtald.
1002 305 1004 309 ⁴
1155 294 1242 365 1617

140 457 242 539 uibus
256 454 380 539 linguis
399 451 572 537 literisque
594 451 769 531 celebrate,
783 471 847 520 nec
861 453 938 520 sitis
952 453 995 518 de
1009 472 1148 539 operum
1164 477 1242 525 ves-

139 570 263 628 trorum
287 557 492 643 perennitate
516 555 658 622 soliciti:
684 555 757 634 illa,
779 575 880 640 quam
903 561 1065 641 praestare
1094 559 1241 631 historiis

139 662 311 740 solebatis,
334 662 377 726 ab
398 653 554 725 bistoria¹
578 659 694 724 veniet
717 660 896 725 aeternitas.
938 662 970 726 5.
993 658 1070 727 Vos
1093 684 1240 751 quoque,

138 768 269 850 quibus
288 762 438 830 secunda
463 770 565 828 sors¹⁰
588 762 694 827 cessit
708 761 789 829 dare
809 762 935 829 samam
955 765 1067 844 rebus,
1083 767 1240 850 artifices,

136 869 280 953 vulgata
301 867 359 932 illa
381 876 527 932 veterum
549 864 737 929 fabularum
751 872 943 946 argumenta
957 866 1136 952 despicite,
1152 870 1240 936 Her-

138 972 258 1037 culeos
273 972 423 1035 labores¹¹
438 974 474 1033 et
487 965 623 1032 Indicos
635 965 745 1031 Liberi
759 967 956 1056 triumphos,
968 976 1002 1036 et
1015 972 1248 1056 anguipedum,

136 1075 228 1141 bella
243 1079 474 1138 monstrorum.
515 1070 548 1135 6.
569 1069 661 1135 Haec
676 1070 804 1153 potius,
815 1070 889 1137 baec
904 1080 998 1156 gesta
1012 1074 1155 1140 solertes
1170 1096 1240 1145 nra.

136 1197 203 1242 mus
224 1176 382 1257 ducaut3‘
403 1175 456 1238 bis
480 1174 564 1251 tora,
577 1172 632 1237 his
656 1174 781 1258 templa
804 1174 1019 1258 decorentur3
1040 1175 1115 1243 haec
1140 1179 1239 1246 ebore

136 1278 347 1357 reddantur?
360 1277 434 1343 baec
450 1296 623 1354 marmore,
637 1275 710 1342 baec
733 1277 768 1340 in
785 1278 955 1343 coloribus
969 1278 1099 1358 vivant,
1113 1281 1187 1347 haec
1203 1284 1239 1351 in

137 1401 209 1446 acra
222 1386 425 1460 moveantur,
438 1381 511 1444 baec
526 1379 667 1462 gemmis
683 1386 828 1463 augeant
840 1383 1008 1465 pretium.⁰

183 1482 274 1549 Cer.
299 1499 391 1548 xcv.
435 1484 468 1547 1.
491 1481 644 1547 Pertinet
657 1482 702 1546 ad
720 1484 936 1549 securitatem
960 1486 1108 1552 omnium
1128 1506 1238 1555 saecu·

136 1587 258 1663 lorum,
273 1586 367 1671 quod
386 1584 592 1663 estfactum,
608 1585 738 1665 videri:
752 1592 799 1665 ut,
815 1587 846 1651 si
861 1589 938 1671 quis
953 1608 1098 1675 uuquam
1112 1590 1240 1657 nefaria

137 1695 217 1753 vota
231 1688 429 1771 conceperit,
444 1688 666 1752 monumentis
686 1697 879 1754 nostrorum
896 1696 1080 1775 temporum
1095 1691 1238 1759 recensiss

137 1790 201 1856 tiss
213 1812 272 1876 per
286 1789 560 1855 oculoshauriat⁸
575 1790 812 1854 innocentiam.
855 1788 888 1853 2.
911 1789 1077 1877 Quisquis
1089 1814 1238 1878 purpura
1330 1794 1332 1800 ’

137 1894 340 1978 quaudoque
362 1891 466 1975 regali
493 1892 611 1956 v'estire
632 1889 786 1957 humeros
808 1892 980 1976 cogitabit,
1003 1893 1179 1961 Maximus
1204 1898 1238 1962 ei

138 2005 263 2062 exutus
277 2002 448 2062 occurrat:
472 1995 627 2079 quisquis
649 2014 765 2059 aurum
788 2015 1001 2081 gemmasque
1020 1999 1163 2082 privatis
1178 2019 1237 2083 pe·

137 2101 238 2165 dibus
258 2099 401 2182 optabit,
423 2099 595 2164 Maximus
616 2098 648 2163 ei
670 2099 794 2183 plantis
816 2098 926 2163 nudus
945 2108 1125 2184 appareat:
1147 2105 1237 2186 quis⁶

138 2203 216 2287 quis
239 2202 407 2286 imponere
431 2201 537 2286 capiti
563 2200 719 2265 diadema
742 2201 965 2280 meditabitur,
997 2203 1153 2268 avulsum
1175 2206 1237 2270 bu·

136 2307 239 2370 mcris
256 2305 401 2370 Maximi
417 2309 534 2389 caput,
550 2309 584 2369 at
597 2304 671 2369 sine
686 2305 821 2369 nomine
842 2313 986 2390 corpusp
1004 2306 1159 2389 aspiciat.
1202 2308 1235 2370 3.

137 2409 271 2474 Scimus
293 2406 428 2492 quidem
448 2406 532 2472 nihil
554 2425 698 2492 uuquam
720 2405 937 2487 novandum,l
954 2417 1029 2474 cutm
1043 2407 1239 2475 Romanum.

168 2593 351 2657 eExpriurartt.
503 2577 506 2582 ¹
543 2588 750 2642 ‘deliberatam

166 2668 182 2692 Φ
195 2661 265 2717 Quod
273 2664 367 2720 gratnm
381 2661 425 2720 ert,
439 2656 542 2721 conspici
551 2655 692 2720 apostate.
767 2654 926 2709 sPerlectis.
989 2657 1118 2709 ‘Dicent

168 2722 182 2757 ¹³
201 2725 325 2774 Neminem
333 2738 435 2788 aequum
441 2736 563 2774 sescenas
573 2721 719 2771 molituram.

592 2866 742 2888 ΙΙΙΙΙΙΙ
743 2865 777 2887 Μ

134 2968 218 3041 corlerq
228 2978 298 3033 mox,
310 2975 360 3020 erto
370 2973 522 3020 menta—ti
540 2968 591 3019 Pro
602 2968 689 3019 lacre
703 2972 848 3026 mutar,
860 2965 955 3016 (lellus.
969 2964 1053 3030 malit,
1070 2968 1097 3019 ia
1110 2981 1160 3018 cra
1172 2968 1234 3020 iaci·

133 3038 230 3084 dacter.
254 3051 256 3057 ·

167 3100 234 3148 Cea.
250 3113 314 3148 xcv.
336 3103 349 3148 1
369 3099 492 3149 Nonnulli
514 3115 556 3164 ap.
574 3097 677 3148 Acidal.
695 3099 844 3150 amanter
862 3096 973 3154 umnam,
994 3098 1185 3164 scortorumque,
1206 3100 1234 3150 id

125 3165 231 3225 sutum,
242 3167 282 3227 isc.
310 3162 445 3213 Acidaliae
462 3179 524 3214 reru
536 3173 619 3214 mutat
629 3164 689 3228 qaod
700 3165 725 3214 iu
738 3169 858 3227 perpetuu.
874 3163 916 3211 vel
928 3161 991 3226 legit
1002 3163 1085 3227 utique
1099 3163 1235 3221 idsuctrtm.

133 3229 203 3279 Edd.
219 3239 285 3278 vett.
295 3231 357 3293 quod
367 3228 501 3288 adsuctrm
508 3248 518 3289 ,·
535 3231 595 3278 Vct.
607 3228 720 3280 Putean.
731 3238 759 3278 ct
771 3231 833 3279 Exc.
845 3227 990 3278 Scbcnlrov.
1004 3229 1065 3290 qnod
1081 3233 1117 3278 ert
1128 3229 1232 3288 suetam.

131 3296 208 3351 Mox,
217 3293 277 3343 edd.
289 3302 355 3343 vett.
366 3295 508 3357 recmritrtr3
518 3295 580 3344 Vct.
591 3295 702 3344 Putean.
714 3302 742 3343 et
752 3295 816 3344 Ere.
828 3293 973 3343 Sclroubcr.
984 3293 1164 3344 recensitae-2
1177 3295 1231 3346 Pro

131 3359 231 3422 optabit,
241 3360 353 3425 Guelpb.
364 3359 442 3410 babet
458 3360 559 3426 aptabit,
574 3366 603 3409 ut
614 3361 683 3426 conj.
696 3360 809 3425 Medius,
819 3359 928 3409 llitters.
938 3368 966 3409 et
976 3358 1068 3410 Bartb.
1079 3359 1118 3410 ric
1130 3375 1231 3427 qaoque

627 3491 738 3544 NOTAE

166 3594 228 3647 ¹At
247 3595 360 3661 historia]
381 3595 424 3647 Ab
443 3597 558 3648 historin
581 3597 661 3663 ipsius
734 3599 976 3663 remoraretur
983 3595 1097 3664 pretium]
1104 3597 1191 3661 Majus
1203 3611 1230 3645 e·

132 3675 272 3738 dignitate.
701 3677 755 3728 nim
770 3691 876 3741 gemmae
888 3677 1010 3740 pretium,
1022 3689 1079 3739 qua
1092 3680 1149 3723 arte
1161 3673 1230 3724 labo·

164 3760 183 3785 ¹⁰
199 3752 308 3802 Secunde
317 3753 379 3817 sors]
394 3752 447 3802 Vos
463 3764 564 3817 qunque
580 3751 659 3802 rrtifi·
700 3761 759 3803 rata
770 3753 856 3802 nobile
868 3753 971 3816 aliquod
983 3751 1091 3807 facinus,
1103 3756 1149 3800 ant
1159 3751 1230 3814 prin·

130 3842 183 3890 ces,
202 3829 338 3891 inquibus
357 3830 439 3879 altera
460 3836 519 3893 port
541 3837 614 3878 rates
629 3843 660 3880 nc
701 3829 881 3893 cipisalicujur
894 3830 992 3878 vultum
1005 3833 1184 3890 representat.

130 3904 273 3966 scriptores
284 3903 434 3955 immortalis
444 3904 532 3969 gloria
545 3919 604 3969 aper
614 3919 659 3970 pc·
732 3912 745 3946 Ρ
756 3904 814 3954 Sine
822 3905 914 3955 nostre
923 3902 1087 3968 asponae
1098 3902 1161 3952 illud
1169 3903 1228 3953 Vir-

132 3983 184 4031 sita
195 3986 245 4029 est.
700 3979 754 4043 gilii
765 3981 823 4030 AEu.
831 3993 864 4030 rr.
873 3983 929 4030 tbi.
940 3979 1130 4040 ‘Jreetiugeur
1139 3979 1229 4028 littore

164 4057 324 4106 afluenter
344 4055 445 4119 labores]
470 4056 514 4106 De
536 4055 659 4108 Herculis
699 4064 817 4123 truncus,
832 4056 1009 4119 Arabumque
1024 4055 1227 4121 humerieerpnt

130 4132 263 4183 laboribus
273 4134 330 4197 ptus
338 4134 399 4184 satis
407 4132 518 4184 diximus
525 4133 550 4185 in
559 4135 659 4198 Pancg.
700 4143 727 4185 ct
739 4135 793 4186 sine
804 4135 906 4186 nomine
918 4131 1043 4184 truncur.’

131 4224 165 4260 11.
176 4213 202 4258 4.

194 4289 284 4354 Delplr.
290 4295 314 4340 et
324 4290 459 4345 Ventilet.
602 4292 696 4354 Paaeg.
710 4292 764 4346 Vct.
1102 4294 1119 4339 5
1137 4289 1160 4342 K
