2730 4726
179 307 268 375 1204
456 323 680 376 utunnrtut
704 323 998 377 cnunrsnraous

109 440 116 463 Ι
180 489 274 537 arum
294 475 479 537 vestrarum
498 471 616 537 laetitia
634 476 828 536 remoratur.
871 470 905 537 2.
927 470 1029 537 Illum
1048 470 1150 537 modo
1166 472 1284 558 Syria‘

178 575 320 651 viderat,
335 573 409 658 jttm
431 573 610 640 Pannonia
631 579 838 659 susceperat.
880 574 934 640 Tu
955 574 1058 640 modo
1079 575 1205 642 Galliae
1220 598 1284 662 op·

178 677 261 764 pida
279 673 537 754 illustraveras,‘¹
555 677 628 761 jam
648 696 797 743 summas
816 696 915 742 arces
934 675 1087 743 Monoeci
1103 678 1285 745 Herculis‘

178 779 387 865 praeteribas.
431 779 543 844 Ambo
564 798 640 844 cum
661 781 705 844 ad
725 778 897 845 Orientem
918 777 1204 865 Occidentemque
1224 802 1285 847 oc·

179 882 295 966 cupati
315 883 527 967 putaremini,
542 888 682 966 repente
703 883 738 946 in
755 881 869 947 medio
885 877 1016 948 Italiaef
1033 883 1161 964 gremio
1176 902 1284 968 appa-

177 986 305 1051 ruistis.
351 983 384 1048 3.
407 984 486 1048 Hos
506 984 635 1050 fructus
650 986 775 1070 capitis
792 1004 931 1069 operum
947 986 1179 1051 maximorum.
1224 987 1284 1053 Sic

177 1087 308 1153 interim
323 1087 513 1152 meritorum
530 1088 737 1153 conscientia
749 1088 986 1171 triumphatis,⁸
1000 1089 1079 1153 dum
1093 1089 1284 1173 triumphos

176 1191 273 1276 ipsos
288 1211 419 1277 semper
432 1191 600 1258 vincendo
615 1191 766 1269 differtis,
778 1192 879 1276 quod,
892 1211 1115 1276 quaecumque
1126 1192 1284 1276 pulcher-

177 1295 261 1360 rima
283 1294 408 1372 facitis,
429 1295 589 1360 continno
610 1294 775 1369 transitis,
796 1298 829 1357 et
848 1293 893 1360 ad
915 1295 1045 1380 majora
1065 1296 1283 1379 properatis:

177 1403 225 1478 nt,
239 1398 318 1463 dnm
338 1398 484 1482 vestigia
503 1401 617 1463 vestra
635 1398 805 1476 miramur,
820 1396 967 1482 dumque
989 1397 1283 1464 vosadhnc'esse

634 1579 818 1603 benennon

176 1681 333 1732 cutenorum
350 1686 502 1741 nostrerum:
518 1682 580 1733 Vei.
598 1682 734 1736 Put.Vet.
751 1683 853 1735 Bertin.
865 1684 931 1734 Ere.
948 1685 1030 1748 Lang.
1048 1684 1114 1735 Exc.
1133 1683 1283 1737 Schonhcv.

178 1747 287 1810 Cuspio.
298 1748 376 1798 Grttt.
391 1755 418 1797 et
435 1755 544 1797 reeentt.
561 1748 716 1800 wtoriarum
733 1749 944 1799 aestrorum-P
957 1750 1086 1799 Livineius
1098 1749 1221 1812 conjecit,
1233 1766 1284 1814 pro

176 1817 319 1876 susceperat,
329 1811 397 1862 forte
409 1813 546 1876 legendum
559 1815 719 1879 accipiebam
736 1821 844 1866 atcerte
857 1816 893 1864 sic
902 1817 1007 1864 verbnm
1020 1813 1168 1880 imperfecti
1179 1822 1283 1880 tempo·

177 1879 214 1929 ris
225 1879 367 1928 convenire
378 1879 510 1928 videretur
520 1892 577 1928 cnm
590 1881 709 1945 sequenti
723 1881 813 1945 aerbo,
821 1880 969 1944 preteritas.
986 1881 1036 1930 Sed
1047 1880 1106 1929 huic
1119 1881 1283 1944 conjecturae

177 1944 263 1993 nullus
275 1943 340 1993 liber
351 1943 459 2004 addicit,
476 1958 561 2009 neque
573 1946 714 1996 necessitas
726 1947 812 2010 aliqua
823 1946 960 1995 mutationi
974 1945 1146 2008 astipulatur?
1159 1947 1283 1998 Saltem.

176 2009 271 2059 Mettett'
281 2009 396 2061 Herulis
405 2011 517 2074 Gttelph.
531 2012 680 2073 perterrebar
690 2013 772 2062 codex
779 2012 925 2063 Scltwarzii.
943 2011 1005 2060 Vet.
1016 2013 1116 2061 Bertin.
1125 2010 1285 2063 Vct-Lirin.

176 2084 204 2125 et
216 2075 273 2123 cod.
286 2076 416 2126 Scltvarz.
432 2077 557 2138 occupor&
574 2076 687 2138 Guelph.
702 2093 759 2126 cnm
776 2077 849 2127 libris
861 2076 948 2132 editis,
960 2076 1074 2139 occupati.
1106 2076 1284 2128 ‘Utrumlibet

176 2139 411 2203 ettgssleeueuem,
422 2144 496 2202 parri
504 2139 779 2193 retert.'Scltenrz.-s
791 2143 953 2192 ‘Meritorum
962 2141 1115 2205 commeatio]
1124 2141 1190 2191 Haec
1201 2144 1281 2192 lectio

171 2205 228 2269 jatn
241 2206 266 2253 in
285 2205 384 2269 aliquot
401 2206 470 2254 libris
486 2207 588 2255 excusis
606 2208 709 2270 prodita
725 2214 772 2261 est,
784 2215 811 2257 et
823 2222 891 2256 nunc
907 2207 1024 2257 codicum
1043 2207 1106 2255 Mas.
1125 2208 1283 2258 anctoritate

176 2269 316 2332 stabilitur,
323 2284 381 2320 cum
391 2271 550 2336 antiquiores
559 2271 686 2323 editiones
694 2272 829 2338 inquinate
840 2273 978 2337 haberent,
986 2272 1108 2321 mettano
1118 2271 1285 2324 conscientia!

676 2419 784 2472 NOTAE

176 2545 228 2581 non
240 2530 321 2581 libido
334 2531 366 2581 ad
379 2532 549 2596 voluptatem,
562 2548 614 2584 non
631 2549 707 2584 arnm-
749 2534 831 2600 gyrici
853 2535 972 2599 proxime
995 2534 1142 2599 superioris,
1164 2547 1222 2598 cap.
1242 2537 1284 2586 ts.

175 2609 245 2659 uitas
259 2607 292 2658 ad
303 2607 515 2670 delectationem,
526 2624 577 2673 nou
587 2611 709 2660 nobilitas
748 2613 821 2662 ‘Has
839 2613 985 2677 provincias
1003 2619 1061 2662 tnss
1078 2611 1234 2676 frequenter
1252 2611 1283 2661 il·

175 2686 248 2736 urbis
269 2686 301 2736 ad
321 2685 505 2749 cognitionem,
523 2701 575 2736 non
594 2687 708 2753 deniqne
748 2688 863 2738 lustres!

175 2763 250 2814 labor
260 2764 315 2828 ipse
327 2762 359 2812 ad
372 2762 503 2828 quietern?
781 2770 792 2797 ⁰
807 2764 885 2815 Arces
897 2765 999 2814 Moneri
1012 2763 1138 2828 Herculis]
1156 2764 1282 2826 Monsco,

207 2847 219 2874 ⁶
238 2841 309 2890 ilium
318 2837 479 2905 modoSyrio]
496 2839 549 2888 Ubi
564 2839 708 2890 Diocletia·
749 2854 795 2889 sen
815 2841 966 2904 Mourgnes‚
984 2840 1155 2904 principatus,
1175 2855 1232 2906 arx,
1254 2850 1284 2894 et

174 2929 224 2965 nus
236 2915 359 2967 adversus
371 2917 499 2966 Narseum
517 2917 656 2967 Persarum
667 2931 707 2968 re·
749 2923 840 2980 portus
860 2917 885 2965 in
905 2931 951 2965 ora
968 2917 1099 2966 maritima
1118 2917 1232 2980 Liguriae
1252 2922 1282 2971 de

177 3005 247 3054 gem,
257 3006 315 3043 curn
327 2993 475 3056 Saracenis,
489 3000 516 3042 et
527 2994 632 3044 Partitis
650 2995 707 3044 Me·
748 2993 772 3043 lo
789 2990 840 3042 eote
849 3009 879 3043 ott
890 2994 978 3043 risten
993 2994 1022 3042 de
1036 2993 1139 3044 Gennes.
1173 2995 1283 3046 DIeitnr

176 3069 328 3131 sopotamiae
346 3075 424 3130 atque
438 3067 568 3118 Armeniae
580 3069 706 3127 finitimis,
747 3068 862 3119 Hermlis
871 3068 977 3118 Marsaci
990 3073 1084 3131 portus,
1095 3067 1164 3134 qnod
1176 3068 1282 3120 Hercu·

176 3142 706 3208 Romanisprovinciisimminentempro·
747 3146 784 3195 les
806 3146 886 3210 pulsis
906 3146 1051 3210 hospitibus
1072 3153 1118 3194 ant
1145 3147 1214 3196 solus
1243 3147 1282 3198 ibi

176 3233 278 3282 gressus
290 3234 348 3269 eum
365 3219 492 3276 exercitu,
503 3235 533 3270 sc
544 3221 619 3270 victis
631 3223 706 3271 Sara·
748 3222 873 3286 regnarit,
883 3230 926 3272 ant
938 3223 1007 3272 solus
1019 3223 1121 3286 privato
1139 3222 1164 3272 in
1180 3225 1283 3288 templo

176 3297 256 3353 cenis,
273 3296 427 3362 Parthisque
443 3298 512 3348 ultra
529 3299 629 3362 Tigrim
646 3315 705 3364 pro·
747 3299 833 3347 cultus
844 3297 944 3349 suerit:
962 3295 1067 3362 apium,
1077 3300 1150 3360 solus,
1161 3305 1189 3347 et
1198 3296 1283 3359 oleos,

176 3373 266 3438 pulsis,
277 3374 406 3423 Narseum
418 3375 502 3438 ipsum
521 3373 554 3423 ad
566 3375 705 3438 petendam
745 3376 864 3427 latitans.
890 3377 947 3426 AEn.
970 3390 1009 3426 vr.
1031 3380 1089 3426 829.
1117 3375 1281 3440 ‘Aggeribus

176 3464 236 3500 cnm
248 3451 394 3500 muneribus
406 3465 497 3516 pauent
513 3452 617 3514 adegit:
635 3467 706 3501 mox·
747 3467 822 3502 sacer
834 3452 938 3515 Alpinis
950 3460 1027 3516 atque
1040 3466 1099 3500 arce
1112 3451 1247 3502 Monoeci.’

177 3543 228 3594 que
240 3529 371 3579 Sarmatas
383 3530 495 3594 trajecto
507 3529 577 3580 Istro
594 3530 621 3578 in
638 3530 705 3581 Pan·
780 3526 829 3577 ‘Ia
838 3529 914 3578 medio
925 3527 1019 3590 italice]
1028 3527 1178 3585 Mediolani,
1185 3543 1236 3594 qno
1245 3529 1281 3580 ad

17 3596 19 3603 ¹
106 3613 109 3619 '
175 3606 279 3656 nortiam
292 3605 386 3656 effusos
397 3607 559 3671 compressit.
747 3605 902 3656 seditionum
921 3619 1009 3655 causas
1028 3604 1163 3666 tollendas,
1181 3606 1281 3669 eligen-

208 3681 221 3718 d
247 3684 337 3733 Gallio
364 3685 448 3748 oppidu
474 3683 648 3748 illustraveros]
665 3682 707 3734 ¹Id
747 3679 1281 3747 desquecaesaresconvenerantimpera-

176 3768 228 3824 est,
236 3762 280 3812 vix
289 3761 461 3824 Baqandieam
473 3762 707 3812 seditionemccm-
748 3766 827 3817 tores,
840 3766 955 3823 utsupra
967 3759 1074 3809 dictum.
1285 3818 1288 3824 Ι

90 3826 94 3833 ’
176 3853 320 3904 presseras.
347 3839 707 3890 Simileveroestillnd'l'ul-
780 3834 985 3899 assumpseris]
1007 3835 1190 3885 Diocletianus
1212 3834 1280 3887 Per·

175 3915 204 3964 lii
224 3932 271 3980 pro
290 3917 418 3966 Marcello
438 3931 497 3980 cap.
515 3922 540 3966 5.
554 3916 626 3966 ‘Nec
646 3929 707 3966 vero
748 3930 799 3973 sas,
810 3915 984 3964 Maximianus
997 3915 1021 3963 in
1037 3913 1123 3964 Gallia
1137 3913 1280 3977 Bagsudss

176 3992 389 4056 disjunctissimas
411 4000 494 4045 terras
516 3992 595 4042 citius
622 3993 707 4057 cnjus·
748 3998 902 4056 prostraret.
942 3990 1045 4039 Neuter
1072 3995 1159 4038 tamen
1187 3989 1281 4040 trium·

139 4112 141 4114 .
176 4082 252 4133 qnam
282 4071 400 4133 passibus
428 4071 540 4134 potuisse
566 4070 708 4134 peragrari,
747 4071 826 4134 pltutn
846 4082 923 4132 quem
946 4075 1076 4116 meruerat
1097 4067 1216 4130 accipere
1233 4082 1279 4118 vo·

77 4191 80 4196 .
173 4159 253 4210 quam
272 4147 323 4196 tuis
342 4150 392 4197 nto
410 4146 495 4197 dicant
514 4145 642 4207 cursibus,
661 4144 707 4194 sed
748 4147 807 4211 luit,
824 4144 908 4195 donec
925 4145 1072 4197 exorientes
1089 4159 1170 4196 novor
1190 4152 1279 4196 motus
1348 4185 1358 4189 .<

177 4222 293 4274 victoriis
313 4224 448 4304 illustrata
463 4223 544 4277 sunt'
574 4223 610 4275 Et
621 4222 707 4274 Pane·
748 4223 953 4287 compressisset.
