2730 4726
207 299 294 368 1566
555 350 558 357 .
612 314 746 366 nentur
769 315 907 367 nucum

207 464 300 551 qnod
314 480 358 528 ex
372 461 547 547 praeterito
559 462 758 548 perdidisti:
781 482 898 549 purum
917 465 1066 542 interest,
1084 465 1224 551 qnando
1236 484 1303 534 coe·

167 640 172 651 ,
206 570 303 655 perit,
316 565 408 650 quod
422 566 599 632 terminum
612 585 678 631 non
691 567 837 633 babebit.

248 671 340 736 Cer.
364 685 448 733 vrrr.
491 668 524 736 1.
547 669 724 736 Hactenus
746 673 780 736 in
802 680 835 737 ts
856 669 1041 755 praedicate
1061 671 1302 757 sint,1mpero

205 781 268 853 tor,
289 774 379 852 dona
402 773 567 839 satorum:
589 790 679 840 nunc
699 775 745 840 ad
768 795 810 838 ea
831 776 1038 859 proferemus
1057 776 1212 858 gradum,
1229 795 1302 863 quoe

204 878 267 944 tibi
282 877 405 942 debeor
428 877 636 960 nequeenim
652 886 713 943 tua
728 879 787 944 illu
801 879 970 961 praeterita
984 876 1116 944 bellicae
1128 881 1177 944 rei
1193 878 1303 962 gloria,

202 1001 308 1075 poam
330 999 392 1065 per
409 987 461 1045 tot
479 980 633 1045 laborum
652 983 887 1064 experimenta
910 981 1079 1066 quaesisti,
1101 983 1303 1047 ascribenda

204 1082 347 1152 {oannes
363 1089 426 1148 eet.
469 1083 502 1148 2.
525 1081 591 1149 Gni
605 1083 671 1149 lroc
693 1084 824 1149 nomine
844 1083 945 1150 etiarn
968 1085 1162 1149 succenseri
1178 1093 1301 1169 potest,

205 1186 308 1273 quod,
323 1205 423 1270 quem
438 1193 570 1269 seeptro
588 1194 622 1251 et
643 1185 732 1251 solio
754 1187 993 1265 destinaverat,
1008 1204 1184 1270 nunqnam-
1196 1186 1304 1253 indul·

204 1286 332 1373 genteri
355 1289 493 1354 babuit:
518 1288 577 1354 sed
600 1297 637 1355 nt
661 1289 772 1355 severi
796 1297 908 1373 patres
932 1291 996 1365 bis,
1015 1306 1104 1373 ques
1126 1291 1208 1375 plus
1230 1291 1303 1356 dili·

202 1397 296 1476 gunt,
321 1392 402 1456 tiliis
429 1392 590 1457 tristiores
615 1398 731 1474 sunt?
760 1392 809 1457 ite
833 1392 894 1458 illa
915 1400 949 1457 te
967 1391 1121 1476 plurimis
1137 1393 1256 1475 bellis,
1269 1399 1302 1459 et

203 1493 408 1560 difficillimis
439 1480 634 1578 reipublicae
661 1495 871 1579 temporibus
899 1494 1066 1574 exercuit,
1096 1495 1178 1561 dum
1210 1500 1303 1582 aptet

202 1597 354 1682 imperio.
397 1598 429 1662 3.
452 1598 498 1662 Et
522 1599 617 1682 prius
640 1598 774 1682 quidem
790 1606 894 1683 'quam
918 1598 962 1663 ad
987 1599 1050 1664 illa
1066 1602 1213 1677 veniam,
1228 1620 1301 1686 qna

203 1701 270 1768 aevi
290 1696 463 1765 metum*
487 1701 595 1785 egisti,
612 1702 804 1766 summatim
825 1709 920 1766 tuum
941 1701 1026 1766 illud
1048 1702 1208 1786 attingam
1229 1720 1301 1769 cnm

201 1809 299 1888 patre
309 1796 424 1868 divino
436 1810 604 1868 castrense
615 1800 804 1886 collegium,
812 1810 908 1869 actas
919 1807 986 1870 snb
992 1805 1303 1890 pellibusnyemes,

203 1913 338 1973 aestates
359 1906 445 1970 inter
464 1904 558 1970 bella
577 1905 728 1983 sudatus,
742 1904 818 1970 dies
838 1914 1025 1993 noctesque
1041 1907 1301 1992 praeliandoaut

202 2008 373 2094 vigilando
399 2017 605 2087 consumtus,
631 2011 848 2094 gravissimas
877 2028 1008 2096 pugnas
1035 2015 1124 2076 terra
1151 2011 1301 2095 marique

201 2119 378 2198 pugnatas.
420 2111 454 2176 t.
478 2111 557 2176 Non
585 2119 654 2178 tam
684 2112 821 2197 patiens
849 2109 1052 2179 Africanus*
1077 2114 1191 2196 prima
1215 2112 1300 2178 rudi·

201 2223 317 2279 menta
341 2214 471 2280 militiae
491 2216 554 2279 sub
574 2214 684 2280 Paulo
707 2220 804 2300 patro
826 2215 991 2295 toleravit,
1012 2234 1073 2280 nec
1091 2214 1169 2299 pari
1192 2214 1303 2280 indole

202 2315 374 2381 Hannibal
389 2334 473 2400 puer
492 2317 527 2381 in
547 2317 694 2382 tentoria
709 2317 866 2402 Hispana
881 2318 1070 2398 successim
1090 2336 1155 2382 nec
1176 2318 1300 2384 fotura·

201 2437 275 2483 rum
290 2439 351 2502 spe
367 2420 508 2484 certiore
519 2420 676 2486 virtutum
688 2419 871 2505 Philippeo
883 2430 994 2488 castra
1008 2418 1211 2500 Alexander
1223 2440 1300 2486 non·

201 2519 279 2585 dum
295 2521 440 2605 Magnus
461 2521 622 2606 implevit,
664 2524 696 2586 5.
719 2521 816 2602 Quos
839 2524 905 2588 etsi
925 2523 1067 2608 plurima
1085 2522 1186 2588 lande
1206 2523 1300 2588 dota·

201 2623 285 2688 verit
300 2625 536 2709 amplificatrix
551 2626 623 2690 veri
638 2632 802 2705 vetustas,
822 2626 906 2691 nihil
928 2626 1001 2710 plus
1020 2631 1133 2691 tamen
1149 2626 1300 2691 blandita

200 2728 371 2808 praestitit,
386 2747 485 2811 qnam
499 2732 537 2792 ut
551 2747 613 2792 eos
626 2729 663 2793 in
678 2727 732 2792 bis
754 2729 850 2793 annis
870 2734 1003 2793 secutos
1025 2746 1140 2812 regum
1158 2737 1221 2793 aut
1242 2728 1298 2793 dn-

232 2918 247 2954 t
262 2911 401 2976 Asperiora
412 2917 477 2962 mut.

661 3003 849 3025 amanen*

234 3121 302 3172 Cur
318 3136 381 3173 cnr.
406 3122 590 3173 llleetme
580 3138 607 3172 ur
623 3127 649 3172 te
662 3121 814 3186 predicando
830 3123 880 3173 rint
896 3122 964 3172 Ere
976 3122 1123 3173 Schonlrov.
1148 3125 1183 3173 ed
1203 3139 1300 3174 mm

198 3201 283 3250 proper
283 3203 350 3237 acme
368 3188 454 3252 Guelp
455 3189 513 3238 b.-
514 3193 529 3239 2
546 3189 585 3237 V
571 3203 611 3238 oc.
626 3193 707 3252 potres
722 3188 821 3240 deest
814 3203 842 3239 ru
861 3188 1023 3251 Guelpb-d
1040 3189 1179 3251 Hispanico
1196 3191 1302 3254 Cuspio

200 3252 399 3383 walum!
401 3206 543 3371 ’ἔπτηξ’
552 3254 617 3304 Cum
634 3261 740 3304 servent
751 3253 827 3307 codd.
838 3253 890 3305 dno
904 3255 1028 3318 amplus,
1034 3253 1139 3304 videtur
1150 3207 1300 3307 fuissentin

694 3415 801 3468 NO'l'AE

231 3526 244 3573 ²
258 3527 387 3592 Nunquam
394 3528 556 3594 indulgenter]
572 3528 733 3583 Theodosius
766 3529 870 3595 qnando
886 3529 1076 3580 insidiabantur
1085 3528 1143 3593 ejus
1158 3530 1248 3591 erlnti,
1258 3530 1303 3596 qni

201 3609 268 3661 enim
285 3616 345 3674 poet
359 3615 460 3674 petrem
478 3609 641 3674 imperatorie
654 3609 731 3674 jussu
766 3615 869 3673 petram
887 3609 942 3672 ejus
963 3606 1179 3672 triumphatorem
1201 3608 1300 3660 occide·

163 3678 168 3692 ‘
199 3685 366 3738 intersectum
378 3684 471 3749 fugere
483 3687 509 3736 in
521 3686 674 3752 Hispaniam
687 3699 731 3736 na·
766 3684 843 3736 runt!

200 3778 273 3815 cesse
289 3765 390 3825 habuit,
408 3768 438 3814 ut
456 3765 572 3828 periculo
591 3778 620 3815 ee
637 3763 733 3815 subdu·
800 3761 886 3814 ¹¹diei
895 3758 1015 3824 mutuno]
1026 3759 1129 3811 AEneid.
1142 3774 1170 3813 e.
1184 3765 1227 3814 tt.
1244 3760 1298 3814 ‘lii-

200 3849 283 3900 ceret,
295 3843 382 3908 ibique
394 3841 498 3893 delituit
510 3841 594 3893 donec
607 3841 640 3892 ad
653 3842 734 3906 impe·
767 3839 794 3890 vi
803 3847 919 3889 moturus
928 3837 1057 3902 Acestee‚'
1067 3845 1094 3888 et
1106 3851 1148 3888 nx.
1157 3843 1218 3891 246.
1227 3840 1299 3891 ‘Aul-

199 3919 266 3970 rium
278 3929 454 3971 revocaretur.
486 3921 548 3971 Fuit
565 3928 593 3970 et
612 3921 669 3970 aliis
687 3919 734 3972 od·
767 3917 803 3967 nrl
813 3923 929 3967 maturus
939 3913 1066 3966 Alethea'

199 4009 282 4046 rerem
301 3995 412 4046 fortunae
428 3998 529 4048 essibus
546 3997 688 4054 exercitos,
702 3989 733 4048 ut
800 3990 1068 4059 ¹Afrnoes1sctpto
1086 3991 1172 4042 minor
1190 3992 1300 4044 AEmilie·

200 4084 252 4121 non
273 4073 400 4122 immerito
422 4071 457 4122 de
478 4087 510 4123 eo
530 4072 682 4124 Ambrosius
705 4073 732 4123 in
766 4083 814 4122 nus
825 4070 901 4120 Pauli
912 4068 980 4119 filine
990 4068 1037 4117 sub
1047 4072 1122 4132 patre
1131 4068 1228 4120 bellum
1240 4084 1297 4136 ges·

200 4148 318 4197 oratione
338 4145 441 4198 funebri
463 4149 577 4201 dixerit:
597 4149 733 4214 ‘porterit
767 4148 801 4200 rit
812 4148 838 4199 in
850 4146 978 4214 Hispania
990 4159 1031 4196 an.
1041 4143 1076 4193 U.
1087 4142 1119 4194 C.
1129 4145 1191 4195 608.

196 4222 290 4288 jugum
304 4237 382 4288 grave
392 4225 549 4277 Theodosius
565 4226 733 4290 ejurentute
