2730 4726
363 343 417 396 an
442 345 665 411 rra-narrum
690 341 1008 394 cnrnrrrmsourr.
1145 326 1233 394 1187

128 511 221 572 nem,
248 491 446 576 primarium
475 491 659 575 gigantum,
687 490 761 574 qui,
795 495 952 553 numanis
982 487 1132 573 Hygino,
1160 487 1231 554 sab.

129 613 249 661 cunrr.
271 594 417 660 ‘Jovem
432 594 640 679 provocavit,
653 594 686 658 si
708 594 808 658 vellet
831 611 945 656 secum
968 591 1012 655 de
1036 610 1136 673 regno
1158 610 1232 655 cer-

128 709 217 775 tare,
242 698 305 764 sed
328 696 427 780 cnjus
448 703 569 782 pectus
578 697 719 780 Jupiter
738 696 876 760 fulmine
896 693 1022 759 amenti
1045 693 1232 777 percussit,²

129 801 328 885 designatur
346 800 486 885 qnidam
507 799 649 882 insignis
676 800 795 877 bostis,
816 800 873 883 qui
894 797 1124 880 Diocletiano,
1142 797 1233 880 ejus·

128 923 200 987 qne
214 906 368 989 imperio,
382 903 562 969 insidiatus
574 909 647 968 est:
668 921 796 980 rernm,
808 902 888 986 quia
903 919 1059 965 nummus
1076 899 1234 981 singulari

130 1008 292 1091 temporis
305 1007 433 1072 iudicio
453 1006 654 1084 destituitur,
677 1006 755 1089 quis
772 1005 832 1069 ille
845 1003 957 1067 bostis
972 1002 1081 1079 fuerit,
1097 995 1234 1066 definire

130 1123 199 1171 uon
220 1127 377 1191 possum.
420 1105 630 1184 ‘Forsitam’
657 1107 770 1190 inquit
796 1105 959 1188 Reginus,
980 1105 1048 1168 ‘de
1077 1103 1235 1169 Achilleo

130 1208 268 1275 devicto
291 1211 379 1275 bunc
400 1216 516 1295 typum
537 1210 720 1292 intelligas,
736 1208 794 1292 qni
812 1210 845 1271 in
862 1209 1009 1291 AEgypto
1027 1206 1235 1289 majestatem

129 1312 198 1376 sibi
213 1311 448 1377 vindicatores
465 1313 671 1378 Diocletiani
693 1312 796 1376 armis
819 1311 1018 1391 succubuit3
1041 1328 1234 1393 quanquam

129 1421 166 1479 et
179 1414 253 1480 alia
267 1413 345 1498 ejus
359 1415 427 1480 sint
440 1413 556 1498 gesta’

171 1715 251 1782 Sub
263 1713 317 1780 his
330 1715 461 1782 duobos
472 1715 752 1799 Imperatoribns,
769 1716 983 1782 Diocletiano
998 1721 1032 1782 et
1052 1716 1236 1782 Maximia-

129 1837 187 1895 no,
205 1825 306 1882 tanta
324 1819 491 1883 aduersus
504 1818 719 1884 Christianos
740 1819 866 1883 exarsit
889 1820 1091 1902 persecutio,
1104 1825 1142 1883 ut
1160 1821 1236 1902 ipse

130 1918 457 1985 Hsnr.Dodrrellos
482 1923 516 1985 in
543 1921 687 1986 Dissera
700 1921 909 2006 Cyprianica
925 1937 997 1984 xrr·
1025 1922 1083 1984 ubi
1104 1923 1175 2002 egit
1194 1919 1237 1984 de

130 2021 331 2104 ‘paucitate
346 2022 577 2107 martyrom‚’§
594 2039 684 2086 uxr.
698 2043 762 2086 non
778 2023 926 2107 potuerit
939 2043 1005 2086 non
1017 2023 1127 2098 fateri,
1139 2024 1236 2098 banc,

131 2124 184 2187 uti
193 2125 346 2188 omnium
361 2125 603 2208 longissimam,
618 2127 669 2190 ita
682 2126 785 2189 etiam
799 2123 1034 2202 saevissimam,
1049 2131 1140 2187 certe
1152 2142 1237 2188 mar·

130 2231 242 2308 tyrum
267 2231 430 2309 proventu
448 2227 735 2310 copiosissimam,
752 2226 859 2290 fuisse
873 2227 1160 2308 persecutionem:
1185 2225 1237 2290 in-

131 2326 177 2392 da
203 2327 308 2397 etiam
332 2327 473 2407 factum,
496 2337 534 2394 ut
550 2349 653 2394 aeram
669 2329 873 2395 Diocletiani
898 2330 1098 2413 recentiores
1122 2328 1237 2394 Graeci

87 2493 91 2499 .
130 2447 236 2493 seram
253 2436 434 2513 martyrum
458 2432 675 2516 appellarint.
711 2422 822 2511 Quam
842 2433 1113 2516 persecutionem
1127 2432 1236 2514 potis-

131 2531 255 2595 simum
282 2531 447 2597 Eusebius
468 2534 562 2598 Hist.
578 2533 709 2598 Eccles.
736 2534 795 2598 lib.
814 2550 896 2596 vrrr.
913 2539 948 2598 et
969 2533 1170 2598 Lactantius
1194 2531 1237 2595 de

131 2631 305 2698 Mortibus
322 2633 590 2712 Persecutorum,
605 2635 865 2719 descripserunt.
909 2635 932 2699 J
935 2653 1001 2712 arn,
1018 2633 1126 2718 siquis
1142 2652 1237 2715 quae·

131 2739 194 2812 rat,
208 2730 264 2812 an,
280 2742 317 2799 et
331 2754 392 2799 our
403 2755 483 2814 non,
496 2735 719 2802 Mamertinus
735 2737 770 2799 in
785 2736 918 2800 dnobus
932 2735 1148 2818 Panegyricis
1164 2735 1237 2798 suis

129 2835 233 2901 etiarn
255 2838 444 2902 meminerit
469 2837 664 2922 hujusmodi
688 2838 936 2922 persecutionis
959 2835 1237 2915 christianornm,

131 2955 213 3002 oum
242 2937 332 3016 inde,
362 2958 423 3024 pro
452 2959 515 3005 suo
542 2940 704 3013 instituto,
732 2935 869 3002 laudem
898 2938 1035 3022 pictatis
1064 2937 1239 3020 utriusque

131 3037 352 3122 Imperatoris
376 3041 536 3126 majorem
560 3043 597 3104 in
623 3041 760 3105 modom
784 3058 908 3122 augere
933 3040 1123 3124 potuisseti
1168 3040 1237 3105 Sed

130 3139 334 3223 respondeo,
355 3163 430 3209 cam
451 3144 671 3210 Mamertinos
690 3142 872 3209 Orationes
895 3162 976 3208 suas
1000 3143 1085 3206 intra
1108 3143 1237 3225 priores

130 3243 283 3326 quinque
299 3264 405 3310 annos
419 3242 566 3330 imperii*
579 3247 827 3311 Diocletianiet
849 3244 1056 3310 Maximiani
1071 3245 1237 3322 babuerit,

130 3363 209 3408 eum
223 3365 268 3410 oe
289 3349 441 3430 potuisse
455 3348 595 3432 quidem
611 3349 677 3413 boc
691 3353 918 3430 argumentum
933 3348 1113 3430 attingere3
1135 3367 1237 3432 prop·

130 3455 223 3514 terea
237 3451 337 3534 qood,
355 3459 443 3515 teste
458 3451 605 3516 Eusebio
621 3467 703 3514 vrrl.
720 3450 752 3515 1.
772 3449 903 3534 utrique
923 3448 1147 3533 Imperatores
1168 3450 1235 3534 pri-

130 3551 197 3614 mis
212 3553 421 3635 temporibus
434 3571 503 3618 son
526 3571 646 3636 parum
660 3552 815 3618 faverunt
831 3551 1032 3618 Christianis
1045 3569 1055 3634 3
1076 3553 1136 3616 ubi
1151 3551 1237 3617 indi·

129 3659 200 3729 cat,
229 3664 390 3735 quantam
417 3655 555 3738 gloriam
582 3662 659 3720 ante
684 3655 962 3741 persecutionem,
981 3655 1078 3720 'anno
1101 3655 1235 3719 demum

131 3774 259 3823 occur.
280 3758 416 3840 plenius
437 3759 631 3836 excitatam,
652 3759 769 3839 religio
783 3756 975 3822 Christiana
997 3757 1095 3823 inerit
1116 3775 1235 3821 eonse-

130 3865 219 3925 cnta.
257 3859 493 3925 Unde'l‘beod.
510 3859 695 3927 Ruinartns
710 3861 743 3924 in
761 3859 1024 3949 Praeiationead
1037 3859 1128 3923 Acts
1144 3855 1235 3920 Mar·
1259 3844 1262 3850 ’

129 3971 263 4046 tyrum:
287 3966 298 3998 ‘
313 3962 393 4028 Non
413 3965 501 4053 imus
518 3960 663 4038 infitias,'
679 3962 799 4046 inquit,
821 3966 833 3998 ⁴
848 3961 967 4046 primis
983 3959 1185 4026 Diocletiani
1201 3966 1236 4025 et

129 4065 337 4130 Maximiani
359 4065 563 4149 temporibus
589 4064 776 4130 Ecclesiam
799 4065 902 4129 nullis
925 4063 1046 4127 edictis
1070 4061 1234 4143 agitatam

128 4171 247 4249 inisse,
259 4189 324 4236 nec
343 4174 412 4233 tum
427 4167 651 4248 Christianos,
671 4169 819 4234 maxime
846 4170 878 4233 in
907 4167 960 4231 bis
980 4164 1068 4229 lonis
1090 4167 1158 4248 qui'
1171 4169 1234 4232 snb
