2730 4726
142 311 229 379 1602
541 321 676 372 ututur
700 323 840 372 ruem

141 485 177 542 et
190 473 372 559 ingentium
387 490 566 556 corporum
581 470 718 536 durator
731 470 841 536 Ister‘¹
855 468 1036 536 effuderat:
1060 471 1139 538 illos
1152 478 1243 542 teue-

140 598 179 644 ιο
194 576 404 661 perlucentes
420 574 556 648 amictu,
572 580 605 638 et
624 574 682 638 vix
707 573 781 637 leve
799 575 974 638 carbasum
989 575 1128 641 vitando
1144 579 1243 644 sole·

140 681 331 755 tolerantes,
357 676 483 742 alterno
509 694 675 741 concussa
696 675 818 739 tinnitu
845 677 945 741 sistra
958 676 1169 761 ducebaut3¹
1184 681 1242 748 hos

139 782 278 848 loricis·
293 786 441 854 onustos,
455 779 676 864 inclusosque
695 780 793 854 terro,
808 780 924 846 fractae
939 800 1045 846 voces
1065 785 1243 860 tubarum,¹

139 886 388 969 ingentiumque
405 885 562 949 lituorum
584 883 721 964 clangor
734 883 892 949 acuebat.
935 887 969 950 5.
992 884 1083 964 Quae
1098 887 1242 966 taudem,

138 988 194 1053 vel
210 987 347 1053 collatio
361 993 478 1069 posset
492 1004 570 1049 esse
586 985 799 1068 populorum,
813 986 946 1053 etiamsi
961 994 1057 1054 tanta
1069 1008 1138 1054 uon
1154 998 1242 1057 esset

139 1087 379 1155 dissimilitudo
394 1104 584 1166 causarum,
599 1097 639 1151 ut
653 1089 697 1151 ab
720 1088 792 1151 illis
817 1088 916 1154 fuerit
936 1089 1085 1155 Romani
1110 1092 1242 1175 imperii

139 1193 294 1277 appetita
321 1190 518 1274 captivitas,
544 1191 664 1255 abhis
687 1190 830 1275 repetita
854 1191 1030 1257 libertast·
1073 1192 1157 1273 Quo
1172 1197 1240 1274 tibi,

137 1295 339 1380 imperator,
366 1293 535 1375 indignius
569 1292 744 1358 videbatur
772 1290 847 1378 ejus
886 1295 1012 1378 piaculi
1048 1316 1239 1383 quenquam

137 1398 277 1463 inveniri
293 1396 447 1481 potuisse
462 1403 664 1472 consortem,
679 1396 778 1481 cujus
803 1417 842 1462 se
865 1399 1030 1463 barbarus
1050 1402 1182 1482 agebat
1193 1403 1238 1467 ul-

248 1511 273 1562 ,P

137 1508 435 1669 torgTP.XxX1V.
471 1600 504 1665 1.
525 1598 594 1665 Sed
609 1600 659 1665 illi
675 1601 811 1686 quidem
827 1601 954 1666 nefario
966 1605 1137 1687 sauguine
1158 1607 1237 1672 belli

135 1706 304 1792 primitias
314 1705 513 1780 imbuentes,
529 1724 592 1788 par
604 1724 716 1789 poeuee
726 1706 903 1790 culpaque
918 1704 1159 1774 documentum
1173 1711 1236 1776 fue

136 1818 224 1876 runt.
266 1807 381 1873 Testis
394 1814 451 1872 est
470 1804 607 1887 Siscia,⁸
628 1810 727 1873 testis
749 1809 996 1893 pulcherrimus
1015 1811 1140 1876 erurnel
1161 1834 1235 1880 cou-

136 1913 260 1990 llictns,
277 1911 307 1976 sl
321 1909 496 1975 conflictus
514 1908 572 1975 ille
591 1909 758 1975 dicendus
778 1920 841 1991 est,
861 1931 929 1996 quo
950 1913 1001 1978 ita
1019 1914 1056 1978 in
1077 1916 1235 1998 publicos

167 2099 187 2126 ¹¹
202 2092 468 2143 Admetum
658 2101 675 2126 ⁸
692 2093 870 2157 cucumis

167 2165 179 2190 ⁰
199 2158 242 2208 Vei
252 2161 273 2207 si
282 2174 359 2208 cuusoe
375 2173 422 2207 acu
437 2160 495 2208 adeo
504 2158 605 2208 dieerroe
617 2173 656 2207 eos
666 2159 698 2207 ud
714 2158 798 2208 Μὶιιιιι
814 2159 973 2223 impellerent,
986 2165 1014 2210 ut
1024 2160 1064 2210 illi
1075 2160 1185 2212 Romani
1194 2164 1233 2211 iur-

133 2223 198 2286 perii
206 2223 338 2274 libertatern
349 2224 499 2286 impeterent,
509 2224 554 2273 isti
563 2239 630 2272 uun
641 2221 784 2274 tuerentur?

60 2338 63 2343 ⁴
165 2288 1232 2354 ’Ultum‘moetcrisreperbipotuiuemrriuneru‘melipdioeiviultmruoe

137 2366 185 2400 uon
196 2354 345 2404 recusabunt.

593 2432 774 2453 ΟΜΝΙΜΙΝ

133 2553 183 2598 -d
199 2548 284 2597 ‘Male
293 2547 373 2597 editio
384 2547 516 2609 Beldnini‚
525 2550 658 2613 perlucente
667 2548 774 2600 mictu?
791 2550 878 2602 turer.
908 2550 983 2612 Mox,
994 2551 1099 2601 Acidal.
1111 2558 1139 2602 et
1152 2551 1233 2602 Mott-

134 2628 164 2662 ns
181 2614 250 2674 conj.
260 2614 358 2662 ruendo
369 2614 421 2662 reli.
432 2613 493 2662 edd.
511 2625 576 2663 vett.
593 2616 682 2664 tinnitu
692 2616 807 2674 sinistrn,·
827 2617 892 2665 Exc.
904 2615 1050 2665 Schnnlror.
1063 2627 1091 2667 et
1105 2619 1168 2668 Vet.
1183 2619 1231 2667 Pu·

132 2685 205 2728 tean.
215 2680 305 2727 tinnitu
312 2679 441 2728 sistra-n
461 2680 521 2735 Quoe
529 2682 624 2728 tandem
634 2681 728 2729 collatio
741 2683 805 2730 liae.
818 2680 961 2729 Schonhov.
973 2691 1000 2731 et
1011 2682 1071 2732 cod.
1083 2683 1170 2732 Lirin.
1202 2683 1231 2738 Q.

132 2749 152 2792 t.
162 2749 189 2794 ut
199 2745 292 2792 enuntio
303 2744 360 2791 edd
374 2752 438 2793 vett.
464 2746 497 2800 Q.
511 2750 530 2795 t.
539 2748 576 2793 eet
586 2746 681 2794 collatio
692 2747 770 2796 codd.
783 2746 911 2795 Schwarz.
925 2754 952 2796 et
963 2746 1078 2812 Guelph.
1104 2750 1157 2798 ullu
1166 2749 1232 2798 collo·

133 2809 169 2859 tir
179 2809 240 2860 Vet.
254 2811 366 2858 Putesu.
394 2815 421 2859 ut
431 2811 496 2858 uultu
506 2810 600 2859 collatio
610 2825 660 2860 erre
670 2817 748 2874 poure
759 2811 826 2874 conj.
836 2811 940 2861 Acidal-

165 2874 348 2926 CAe.xxx1v.
377 2879 389 2922 l
410 2873 488 2924 Testis
497 2880 531 2923 ert
545 2876 626 2924 Fiseiu
637 2877 697 2925 edd.
708 2884 772 2927 vett.
799 2875 877 2925 Testis
887 2883 923 2924 est
934 2875 1033 2940 Scythia
1046 2877 1108 2925 Vet.
1122 2877 1232 2927 Puteau.

133 2939 212 2988 Testis
222 2946 257 2988 est
269 2939 349 2989 Sittio
359 2941 481 2989 vatican.
511 2940 586 2989 Testis
600 2947 636 2989 ert
654 2941 742 3003 Siscia,
756 2943 825 2991 testis
842 2943 995 3004 pulcherrimi
1012 2942 1096 2990 Sarrioe
1112 2945 1233 3008 conflictus

132 3005 352 3054 Exesclmnhov.
376 3005 546 3067 pulcherrimus
555 3021 598 3055 uve
611 3007 736 3072 conflictus
748 3008 806 3057 Vct.
823 3009 907 3058 Ltvin.
933 3007 1232 3069 putctmimuseueBer-

132 3070 180 3121 tiu.
204 3071 358 3134 pulcherrimi
375 3071 445 3120 Serre
462 3070 569 3134 Cuspiu.
599 3087 624 3135 p.
640 3072 691 3122 acie
706 3072 828 3137 conflictus
844 3073 1091 3124 consensurum.
1121 3089 1232 3137 panim,

629 3217 738 3267 NOTAE

131 3313 264 3377 Caspium.
296 3315 573 3379 Miucrrdicitnrqnia
592 3315 661 3365 uitur
702 3322 746 3366 tar.
778 3314 871 3378 virgil.
890 3314 988 3376 Georg.
1004 3327 1044 3364 tv.
1059 3317 1102 3364 ⁷2.
1120 3317 1173 3367 ‘Et
1185 3332 1231 3367 ror

130 3404 161 3439 uc
173 3407 290 3455 praeceps
302 3408 332 3440 sc
344 3394 429 3442 ruenti
441 3393 539 3442 similis.
701 3390 817 3441 Auditur
834 3391 929 3442 tractor
952 3392 1052 3440 sonitus
1069 3392 1175 3444 imitata
1194 3405 1231 3444 tn·

162 3469 285 3531 vitigem
306 3469 409 3532 Taurus]
438 3471 552 3532 Propter
579 3471 662 3533 nives,
703 3469 812 3518 barum!

129 3546 223 3610 quibus
240 3554 270 3595 ut
287 3546 423 3609 plurimum
441 3562 514 3596 mous
526 3548 575 3597 iste
586 3563 661 3613 oper·
733 3553 746 3579 ¹
762 3545 854 3609 Siscia]
871 3546 923 3595 Seu
943 3544 1036 3610 Spreta
1058 3545 1156 3598 nobilis
1174 3548 1231 3599 nrbr

129 3629 233 3672 tuaest.
701 3621 843 3672 Pannoniae
856 3623 889 3671 ad
901 3623 996 3673 Sarum
1008 3638 1055 3672 sen
1069 3625 1167 3674 Sarum
1177 3623 1227 3675 eu·

161 3699 301 3751 tDurntor
317 3698 392 3763 luter]
410 3698 561 3752 Indurator.
593 3699 660 3751 Ger·
701 3699 779 3760 rlnur,
801 3706 828 3749 et
849 3699 1007 3763 Segesticam
1031 3700 1227 3764 ejecissetis,

129 3777 198 3824 meni
210 3791 318 3839 procero
330 3791 448 3840 corpore.
700 3792 752 3839 qua
772 3791 806 3827 ex
830 3778 966 3828 Pannonia
986 3779 1040 3827 itur
1064 3778 1093 3827 iu
1118 3779 1228 3829 Italiam.

160 3853 268 3902 rSistra
286 3853 413 3918 duretent]
430 3854 503 3916 virg.
523 3855 579 3904 AEn.
595 3868 659 3905 vin.
699 3856 740 3904 De
756 3870 808 3920 qua
824 3855 919 3904 Strabo
937 3855 983 3904 lib.
994 3868 1021 3904 v.
1034 3863 1062 3903 et
1073 3855 1178 3905 Plinius
1188 3868 1228 3903 ιιι.

127 3933 187 3980 696.
199 3930 231 3979 de
243 3931 386 3995 Cleopatra
400 3931 489 3994 regine
506 3931 547 3980 ‘iu
566 3932 658 3981 mediis
699 3935 739 3983 26.
772 3931 823 3982 Hic
846 3934 957 3996 primum
978 3931 1063 3981 rictus
1083 3941 1128 3982 ert
1146 3932 1227 3982 Maxi·

127 4006 213 4070 patrio
227 4013 301 4055 vocat
313 4009 414 4070 agmina
425 4006 520 4057 sistro!
554 4009 594 4057 De
606 4008 658 4059 for·
698 4022 763 4059 mus.

127 4096 171 4132 ma
182 4087 209 4132 et
224 4082 307 4146 figura
321 4084 391 4133 sistri
404 4084 462 4134 ride
475 4085 584 4134 lluoenm
601 4100 658 4135 nor·
730 4083 743 4118 l
765 4086 943 4135 Pulcherrimur
965 4099 1034 4134 untur
1060 4085 1227 4150 [pulcherrimi

128 4165 196 4209 trurn
210 4160 235 4207 iu
247 4161 315 4209 hunc
327 4160 426 4224 Virgilii
437 4161 532 4211 locum.
698 4162 782 4228 sm]
801 4163 951 4213 APnterno
963 4162 1078 4219 discedo,
1091 4163 1118 4212 in
1131 4167 1226 4228 quaest

160 4235 282 4285 ’Fracta
303 4251 369 4287 nocer
388 4237 510 4301 tuburum]
537 4237 656 4290 Incondi-
694 4238 1084 4305 putclrerrirrururuaeccrstietur,
1096 4247 1127 4292 nt
1139 4241 1225 4306 Cuspi·
