2730 4726
405 344 411 360 s
484 336 730 388 urxrnmno.
767 339 825 388 ιιι.
842 325 894 391 15.
1154 325 1237 399 1221

135 484 266 551 audent
291 483 421 550 animos
444 484 608 562 attollere,
634 484 726 568 quod
752 504 813 549 vos
840 486 873 549 in
898 485 1085 552 interiorem
1108 489 1238 572 imperii

135 589 240 653 vestri
263 587 371 653 sinum
397 590 625 669 secesseritis3
655 589 839 672 quinimmo
862 590 928 671 ipsi
952 591 1058 672 magis
1081 592 1114 654 in
1141 592 1239 656 vobis

134 690 297 756 fiduciam
321 693 587 774 pertimescunt}
614 691 705 776 quod
729 713 767 754 se
789 694 957 755 contemni
983 693 1140 770 sentiunt,
1160 715 1238 760 cum

133 794 376 878 relinquuntur.
419 795 452 857 2.
476 794 598 878 ltaque
622 794 717 869 illud,
733 793 825 876 quod
848 795 889 858 de
910 794 999 860 Jove
1020 801 1130 859 vestro
1152 798 1238 861 ceci·

134 897 188 961 nit
207 896 309 980 poeta
330 895 531 973 Romanus‚⁰
550 898 670 981 ‘plena
683 897 706 962 J
710 899 785 961 ovis
801 899 912 962 omnia
927 918 1002 962 esse
1012 897 1032 978 3’
1054 898 1088 960 id
1105 900 1239 964 scilieet

133 999 251 1062 animo
262 999 523 1082 contemplatum
534 1020 727 1084 quanquam
743 1001 817 1082 ipse
828 1000 965 1083 Jupiter
976 1020 1144 1064 summum
1159 1001 1239 1065 coeli

134 1100 295 1174 verticem
316 1106 442 1177 teneat,
459 1123 560 1185 supra
580 1104 704 1180 nubila,
727 1123 897 1186 supraque
919 1111 1045 1181 ventos,
1062 1105 1182 1167 sedens
1204 1105 1237 1167 iu

133 1204 212 1269 lnce
233 1213 406 1288 perpetua,
424 1226 545 1269 numen
566 1211 675 1271 tamen
696 1207 768 1289 ejus
786 1227 826 1271 ac
847 1216 989 1271 mentem
1007 1214 1078 1270 toto
1095 1207 1238 1271 infusam

131 1323 210 1381 esse
226 1307 393 1388 mund03p
414 1309 448 1372 id
463 1314 550 1372 nunc
566 1312 628 1390 ego
644 1310 685 1372 de
704 1317 846 1393 utroque
863 1318 1010 1374 vestrum
1026 1309 1137 1373 audeo
1155 1330 1241 1391 praes

132 1408 270 1474 dicare:
291 1411 324 1474 3.
340 1411 544 1495 ubicumque
560 1411 648 1489 sitis,
665 1411 812 1475 inunum
829 1414 908 1476 licet
923 1413 1084 1495 palatium
1101 1432 1238 1476 conces·

133 1506 259 1590 seritis,
279 1512 482 1578 divinitatem
504 1522 649 1580 vestram
671 1516 798 1599 ubique
821 1517 959 1592 versari,
984 1535 1101 1579 omnes
1122 1520 1238 1591 terras,

133 1616 317 1698 omniaque
338 1618 444 1682 maria
463 1616 561 1700 plena
575 1638 653 1680 esse
669 1619 782 1681 vestri.
826 1619 856 1682 4.
882 1617 974 1696 Quid
998 1619 1084 1680 enim
1108 1619 1237 1695 mirum,

132 1719 176 1794 si,
201 1738 278 1782 cum
305 1719 418 1802 pessit
439 1720 494 1784 hic
520 1721 661 1785 mundus
686 1721 787 1785 Jovis
814 1740 890 1784 esse
917 1721 1047 1805 plenuS,
1072 1721 1183 1803 possit
1206 1726 1238 1783 et

134 1820 345 1887 Herculist‘*

178 1923 269 1988 Gar.
293 1941 361 1989 xv.
397 1927 428 1991 l.
454 1924 624 1991 Admonet
642 1946 696 1991 me
717 1935 753 1991 et
775 1927 934 2010 temporis
954 1933 988 1990 et
1008 1924 1073 1989 loci
1090 1924 1186 2002 ratio,
1202 1934 1237 1988 et

132 2025 322 2110 majestatis
345 2035 411 2093 tuae
435 2032 681 2106 reverentiam
701 2029 799 2094 finem
815 2028 949 2092 dicendi
964 2029 1107 2107 faciam3
1134 2048 1237 2110 quan·

131 2148 237 2212 qoam
257 2129 298 2193 de
318 2131 478 2195 felicitate
493 2140 603 2196 vestra
618 2139 685 2195 tam
703 2152 814 2215 pauca
829 2131 982 2208 dixerim,
994 2140 1030 2194 et
1047 2139 1115 2194 tam
1131 2131 1238 2196 multo

131 2236 266 2297 restent.
310 2233 341 2296 2.
363 2233 433 2298 Sed
460 2255 540 2298 ecce
563 2242 779 2318 suggerunt:r
810 2233 918 2299 adhuc
941 2240 1038 2318 potes
1061 2234 1171 2298 dicere
1193 2236 1236 2300 de

138 2380 140 2385 ’
162 2401 177 2435 ¹
199 2392 383 2445 Vestrumiiium
394 2395 559 2461 confidentium
570 2396 735 2445 extimescunt.

136 2611 142 2620 “
164 2606 234 2656 Car.
245 2616 305 2656 ην.
323 2611 335 2657 1
351 2607 419 2657 Edd.
437 2615 501 2656 vett.
518 2609 543 2657 iu
564 2609 682 2658 interiore
700 2608 794 2670 imperii
811 2608 886 2657 centri
902 2608 1052 2657 recesseritis.
1086 2606 1235 2656 Lentonem

129 2681 245 2720 nostrum
258 2672 362 2723 firmant
374 2673 435 2722 Ver.
448 2673 552 2722 Bertin.
564 2675 675 2735 Guelptr.
688 2683 715 2722 et
734 2676 796 2722 Exc.
806 2674 883 2722 Voss.
894 2675 943 2722 nisi
953 2675 1021 2736 quod
1034 2675 1059 2720 in
1072 2670 1236 2734 (incinuere

129 2737 298 2787 cocceamitie.
336 2739 407 2796 Mox,
424 2745 448 2787 et
462 2742 523 2802 quod
536 2753 561 2788 se
573 2740 598 2788 io
611 2741 762 2802 qmomdam
774 2738 834 2786 edd.
860 2745 883 2787 et
901 2739 1019 2800 ignorant
1031 2736 1157 2784 codd-2
1173 2736 1236 2784 dore

129 2801 207 2851 deest
220 2803 244 2850 in
258 2803 323 2852 Eae.
332 2803 407 2852 Voss.
432 2805 461 2852 de
472 2810 549 2853 cestro
560 2806 646 2854 occinit
656 2805 725 2867 po'e'tu
743 2805 861 2852 Romanus
871 2803 933 2852 Jove
944 2804 1056 2862 Gneqm.
1082 2802 1166 2848 cecidit
1175 2801 1233 2847 cod.

130 2866 217 2915 Lirin.
240 2882 290 2916 esse
302 2869 375 2917 abest
387 2869 411 2917 in
426 2869 525 2918 Bertin.
536 2868 603 2919 unde
618 2870 699 2918 Livio.
711 2871 782 2917 Jooir
791 2870 869 2916 omnia
879 2869 957 2930 piano,
966 2870 1048 2928 ime.
1066 2864 1177 2927 Guntph.
1190 2865 1235 2912 hn-

131 2931 179 2980 bet
188 2931 259 2980 Jouir
270 2934 348 2985 uranio
356 2933 424 2996 pleno
436 2949 494 2984 ersa
528 2935 601 2989 Mox,
614 2935 757 2984 Schoutrov.
770 2933 963 2982 rescribendum
973 2933 1102 2992 opinatus,
1114 2931 1159 2977 tuti
1169 2927 1234 2987 infu-

129 3008 182 3044 sum
193 2998 297 3055 incudm
315 3008 341 3046 et
359 2999 397 3046 eie
415 2998 495 3046 edidit
516 3001 697 3063 cuspinianus.
732 3001 785 3046 Pro
804 2999 899 3058 mundo,
913 2999 976 3046 Exc.
989 2997 1062 3045 Voss.
1078 3003 1104 3044 et
1121 2995 1249 3063 Guetptu

129 3059 229 3115 hubent
240 3061 302 3112 orbe.
336 3063 419 3111 Iidem
432 3065 509 3111 codd.
520 3071 690 3113 numentanam
701 3061 779 3112 Joe'ie.

144 3144 148 3150 ’
165 3127 234 3174 Cur.
246 3138 293 3174 xv.
311 3132 322 3175 1
345 3127 413 3176 Edd.
433 3136 497 3176 vett.
515 3145 551 3177 me
567 3131 680 3190 temporie
695 3128 755 3185 loei5
767 3129 867 3176 Meum.
880 3139 947 3173 corr.
973 3138 1011 3174 me
1025 3125 1135 3190 temporie
1150 3130 1175 3173 et
1190 3125 1235 3173 loci

127 3191 211 3247 ratior
221 3191 283 3242 Vct.
295 3188 397 3241 Bertin'.
409 3193 514 3256 Coruin.
537 3198 561 3241 et
571 3195 633 3252 loei5
646 3193 748 3242 Acidat.
758 3193 825 3255 conj.
834 3191 945 3254 temporie
953 3192 1098 3252 locique-2
1116 3191 1236 3250 Spiritum

127 3266 182 3304 ecce
193 3263 327 3318 suggerunt
338 3272 426 3306 omnes
438 3259 498 3307 edd.
510 3266 569 3306 ente
582 3259 665 3307 Bauo.
683 3259 749 3306 Vide
762 3259 837 3305 Nou.
851 3257 928 3303 Virr.
944 3255 1021 3303 oddae
1029 3260 1105 3316 potest
1118 3255 1233 3317 Gnelph.

129 3321 195 3371 Exc.
206 3321 280 3373 Vens.
293 3331 321 3373 et
332 3321 393 3375 edd.
405 3334 470 3376 vett.
497 3325 574 3373 adiano
582 3328 647 3388 potes
656 3322 724 3373 Gnd.
734 3327 756 3371 l.
766 3323 878 3371 Puteum.
888 3334 946 3370 com
956 3320 1015 3369 edd.
1023 3321 1105 3370 Baua.
1116 3321 1233 3370 Petarot.

131 3592 135 3601 ,
163 3553 175 3578 ⁰
192 3544 271 3594 Po'e'tn
287 3544 421 3610 Romanae]
440 3545 534 3607 virgil.
551 3546 607 3596 Ect.
618 3557 663 3595 ur.
703 3541 1025 3607 qrreuter‚ercentemqrre
1040 3542 1144 3604 globum
1157 3543 1233 3600 lurra,

128 3626 174 3673 ul.
196 3621 287 3673 ‘doris
309 3622 395 3671 omniu
417 3621 511 3684 plena!
544 3622 663 3685 idipsum
702 3620 857 3684 Titaniaque
871 3625 939 3667 astru
959 3617 1073 3681 Spiritus
1090 3618 1157 3666 intus
1177 3619 1233 3681 alit,

128 3705 261 3748 sumserat
278 3711 311 3746 ex
322 3698 455 3747 Theocriti
472 3698 541 3762 Idyt.
554 3709 627 3746 xvir.
640 3699 664 3746 1.
704 3704 837 3760 totumque
849 3694 934 3744 infuso
945 3707 994 3758 per
1006 3703 1077 3743 artus
1089 3695 1166 3743 Mene
1179 3696 1233 3757 ogi·

128 3775 164 3826 ld
182 3789 245 3824 vero
260 3773 293 3823 de
309 3774 376 3826 Jove
393 3772 504 3834 dicitnr;
526 3789 584 3822 cum
603 3775 663 3836 quie
705 3780 744 3822 tat
756 3770 868 3822 molem)

130 3854 247 3902 Deorum
260 3850 379 3914 princeps
389 3858 416 3899 et
426 3864 511 3899 rerum
520 3849 664 3911 enimaert,
735 3857 747 3890 ‘t
765 3848 844 3896 Ponit
857 3853 879 3895 et
898 3846 1023 3910 Herculis]
1041 3846 1068 3895 Si
1081 3860 1145 3894 unm
1156 3845 1233 3910 Jupi-

129 3937 187 3977 tum
200 3928 259 3990 quie
269 3925 344 3976 Jovie
363 3941 455 3975 nomen
471 3925 525 3976 aeri
538 3926 663 3977 tributum
705 3936 745 3978 ter
758 3941 803 3990 pur
812 3935 853 3974 est
865 3924 989 3988 replendo
997 3925 1063 3980 orbi,
1073 3931 1170 3987 quanto
1179 3940 1234 3974 mo·

127 4002 183 4067 eet,
194 4004 239 4067 qni
253 4003 347 4067 ubique
358 4001 476 4054 diffusos.
703 4006 741 4069 gie
752 4005 772 4053 ei
785 4003 903 4053 comitem
915 4002 1033 4050 iiabuerit
1045 3998 1207 4051 Herculem?

161 4080 302 4140 qufmm
319 4094 370 4131 ecee
391 4081 490 4146 maudo]
510 4080 608 4131 Ailndit
628 4081 661 4132 ad
735 4079 808 4128 ruer
827 4095 878 4128 ecee
899 4076 1043 4140 suggerunt]
1071 4075 1143 4126 Ante
1166 4087 1234 4144 erut,

128 4156 195 4207 iilud
204 4157 371 4220 virgilianum
381 4157 438 4207 AEu.
448 4171 484 4207 vr.
495 4161 552 4209 724.
568 4161 575 4186 ‘
585 4159 662 4208 Priu·
701 4158 1018 4221 spiritomeecccuggeruut,
1026 4151 1072 4202 sed
1081 4153 1118 4202 itu
1128 4157 1232 4206 restitui

127 4235 202 4299 cipio
217 4235 309 4284 cretum
324 4248 355 4286 uc
368 4244 451 4285 terrm
463 4249 618 4300 camposque
629 4235 661 4286 li·
702 4243 731 4286 nt
741 4248 773 4284 ex
785 4231 869 4284 reteri
879 4231 969 4281 codice
980 4238 1010 4281 et
1021 4244 1054 4285 ex
1063 4230 1156 4298 Langii
1172 4245 1233 4285 coo.
