2730 4726
385 315 442 365 sn.
466 311 556 362 vnn.
579 309 806 363 cousrauru
832 309 991 359 cunoni.
1152 293 1235 363 1271

130 548 173 617 A.
190 512 294 616 Ussc.
315 565 429 613 uniri.
454 545 580 612 Christi
598 560 674 608 ccc.
703 543 851 609 Dioclet.
866 543 957 629 Imp.
974 559 1072 610 xvrr.
1089 542 1234 610 Maxim.

437 650 527 733 Imp.
544 664 626 713 xvi.
642 645 881 712 consalutat.
899 664 932 711 ι.

175 771 398 837 Constantius
422 769 634 835 consulatum
657 768 792 832 tertium
811 767 905 851 gerit,
921 765 1058 832 Galerio
1074 765 1236 854 Maximi,

132 894 197 939 ano
212 875 356 958 collega.

133 1052 176 1140 A.
192 1055 238 1122 U.
254 1055 295 1121 C.
311 1073 401 1121 nav.
425 1014 554 1122 'Christi
571 1072 684 1122 cccii.
713 1055 863 1120 Dioclet.
880 1055 967 1140 Imp.
985 1071 1072 1122 xix.
1090 1055 1236 1125 Maxim.
1289 1075 1291 1080 ·

403 1160 492 1244 Imp.
510 1159 881 1226 xv111.Const.AEtat.
901 1175 967 1223 nri.

176 1274 234 1343 Fit
249 1279 366 1344 consul
377 1254 546 1363 (quartum,
560 1278 675 1356 eodem
692 1277 831 1344 Galerio
849 1276 1060 1342 Maximiano
1076 1279 1214 1363 collega.

136 1459 175 1527 A.
187 1462 233 1528 U.
244 1462 285 1530 C.
297 1481 422 1530 unvrr.
439 1462 562 1529 Christi
573 1480 696 1529 ccciv.
718 1463 864 1527 Dioclet.
875 1461 963 1544 Imp.
978 1478 1067 1528 xxi.
1090 1463 1236 1533 Maxim.

415 1565 503 1651 Imp.
520 1581 593 1631 xx.
620 1565 738 1631 Const.
752 1565 858 1629 AEtat.
879 1581 954 1628 niv.

176 1683 396 1750 Diocletiano
421 1690 456 1750 et
482 1685 696 1751 Maximiano
723 1704 801 1772 sese
824 1685 912 1748 ultro
932 1686 1064 1769 imperii
1078 1687 1236 1752 adminis-

134 1786 278 1853 tratione
302 1788 551 1866 abdicantibus,
583 1785 848 1855 ‘Constantius'
877 1790 994 1852 eodem
1023 1790 1090 1868 die,
1118 1810 1237 1874 nempe

135 1887 213 1965 Kal,
229 1888 370 1973 Aprilis,
382 1900 392 1930 ¹
404 1912 481 1958 cnm
502 1890 662 1959 Galerio'
678 1912 720 1956 ex
743 1891 878 1957 Caesare
894 1897 903 1925 ‘
918 1889 1092 1974 Augustus
1107 1898 1236 1959 creatus

134 1998 195 2070 est,
211 1993 413 2079 divisusque
426 1995 512 2063 inter
528 2014 588 2060 eos
612 1994 790 2059 Romanus
816 1992 919 2071 orbis,
933 1998 972 2057 ut
988 1992 1149 2073 Galliam,
1166 1994 1235 2061 Ita·

132 2092 223 2173 barn,
239 2096 391 2168 Africam
408 2098 629 2164 Constantius
642 2119 651 2178 ;
673 2096 861 2180 Illyricum,
873 2094 1002 2169 Asiam,
1017 2102 1051 2160 et
1066 2095 1236 2188 Orientem

132 2186 291 2273 Galerius
303 2202 481 2280 obtineret,
495 2201 615 2268 sumtis
632 2200 764 2266 dnobus
780 2200 986 2265 Caesaribus.
1018 2198 1237 2275 Constantius

132 2305 246 2367 tumen
269 2309 450 2371 contentus
474 2304 633 2387 dignitate
654 2302 821 2386 Augusti,
845 2303 957 2369 ltaliae
981 2308 1082 2386 atque
1108 2301 1236 2375 Africa

130 2400 410 2479 administrandae
433 2407 683 2473 solicitudinem
710 2407 893 2473 recusavit.
937 2405 999 2470 Vir
1027 2407 1179 2490 egreglus
1201 2414 1237 2476 ct

130 2508 423 2600 praestantissimae
443 2508 641 2585 civilitatis,'
654 2512 718 2575 &c
760 2509 819 2574 Ita
835 2509 976 2593 Eutrop.
1006 2507 1132 2575 Eodem
1152 2515 1236 2573 tem·

129 2626 213 2690 pora
229 2611 332 2677 tradit
346 2610 497 2678 Vlctoris
512 2611 682 2696 Epitome,
699 2617 709 2647 ‘
726 2611 980 2679 Constantinum
1000 2631 1136 2701 quoque
1159 2611 1235 2677 Cae.
1252 2696 1257 2703 ⁴

130 2714 425 2789 saremelfcctum
452 2713 550 2780 esse'
593 2715 700 2786 Haud
726 2717 826 2781 dubie
850 2713 1086 2799 aConstantio
1113 2721 1235 2797 patret

106 2846 109 2859 =
129 2815 230 2899 cujus
245 2816 281 2880 in
296 2816 552 2884 locnmuidetur
566 2818 714 2884 Severus
729 2840 805 2884 esse
822 2820 981 2884 intrusus.

150 3005 197 3071 A.
215 3005 260 3070 u.
272 3005 310 3071 c.
328 3024 470 3072 nevum
482 3008 609 3075 cuasa
625 3026 728 3076 cccv.
741 3011 857 3077 const.
875 3009 963 3095 [mp.
977 3024 1019 3074 11.
1036 2985 1141 3075 iurat.
1158 3025 1216 3073 nv.

175 3125 403 3190 Constantius
428 3144 464 3192 v.
488 3129 606 3193 consul
634 3129 796 3196 adversus
822 3129 1024 3196 Caledonios
1047 3128 1234 3214 Pietasque

129 3234 232 3312 parat
248 3230 447 3294 exercitum.

129 3402 173 3469 A.
190 3403 236 3470 U.
254 3404 294 3471 C.
312 3422 426 3472 uurx.
440 3406 562 3473 Christi
582 3424 703 3474 cccv1.
720 3405 837 3473 Const.
854 3407 943 3491 Imp.
960 3424 1017 3473 ιιι.
1035 3408 1140 3471 AEtat.
1156 3421 1232 3469 nvi.

174 3523 378 3591 Constantio
391 3528 467 3592 vela
481 3528 513 3592 in
531 3529 742 3594 Britanniam
752 3527 911 3606 faciente,
921 3534 1057 3610 repente
1070 3527 1234 3593 Constan-

130 3627 236 3705 tinus,
252 3629 311 3712 qui
326 3630 427 3693 obses
442 3649 464 3694 a
479 3630 617 3695 Galerio
634 3632 667 3695 in
687 3630 790 3695 Italia
813 3631 1029 3708 detinebatur,
1045 3629 1087 3694 ad
1096 3636 1231 3712 patrem

129 3732 287 3798 accurrit.
331 3731 432 3812 Picti,
461 3732 701 3818 Caledoniique
726 3734 910 3799 vincuntur.
954 3731 1003 3796 At
1032 3747 1100 3796 non
1128 3729 1231 3794 mulio

128 3840 210 3920 post
224 3831 373 3898 Eboraci
385 3834 419 3898 in
441 3833 695 3901 febrimincidit
716 3835 945 3901 Constantius.
989 3833 1077 3899 ‘Cui
1094 3831 1230 3916 quidem

129 3942 164 4000 et
179 3936 226 4000 ob
241 3942 422 4001 ceterorum
438 3937 580 4003 filiorum
596 3940 740 4023 ineptam
758 3939 901 4005 indolem
919 3934 1063 4013 moest0‚’
1079 3935 1229 3999 Zonaras

128 4038 187 4116 ait,
198 4042 210 4074 ‘
222 4038 378 4122 angelum
393 4041 552 4121 astitisse,
568 4042 625 4124 qui
636 4042 770 4126 juberet
781 4047 819 4107 nt
831 4040 1054 4108 Constantino
1064 4038 1231 4121 relinque·
1345 4045 1348 4049 ’

127 4147 179 4208 ret
201 4141 404 4226 imperium?
447 4142 550 4222 'Quod
575 4135 745 4210 sinerum
771 4151 871 4224 esset,
886 4140 1054 4228 quomodo
1081 4160 1135 4206 res
1160 4148 1229 4210 tam
