2730 4726
181 289 271 354 1272
370 303 463 352 vm
487 304 543 352 re.
567 304 655 353 vau.
678 303 908 355 coresrauun
933 307 1089 358 cneori.

181 449 360 530 singularis
375 449 520 513 essetab
540 449 689 516 Eusebio
711 451 964 534 praetermissa?
999 451 1048 516 Ut
1062 460 1097 516 ut
1111 461 1176 530 est,
1192 453 1283 518 Con-

181 551 339 630 stantius,
354 551 468 615 liberis
487 570 600 617 coram
617 552 820 631 mantibus,
842 552 1109 632 Constantinum,
1124 557 1185 639 qni
1207 558 1282 621 reli·

164 672 269 736 .quos
283 659 385 718 aetate
398 661 433 717 et
442 653 620 718 virtutibus
631 655 790 734 anteibat,
800 655 966 720 haeredem
978 657 1107 740 imperii
1117 659 1282 736 nominat,

180 775 223 820 ae
236 757 387 834 moritur,
403 773 483 821 vm.
499 756 582 821 Kal.
597 755 684 838 Aug.
700 765 803 842 atque
823 757 872 822 ibi
893 758 1085 822 tumulatur.
1110 759 1239 824 Euseb.
1256 779 1282 824 1.

179 859 234 925 15.
279 858 382 924 Hanc
408 856 618 924 Constantini
642 861 840 924 electionem
861 861 1010 925 universi
1028 863 1199 927 exereitus
1214 863 1285 928 suf-

179 961 288 1044 fragio
316 962 570 1046 comprobatam
604 962 653 1026 ait
681 961 876 1027 Eumenius·
921 963 1145 1028 Christianum
1173 965 1283 1030 fuisse

180 1065 416 1132 Constantium
430 1085 496 1131 non
511 1086 578 1130 uno
591 1066 626 1130 iu
639 1065 717 1131 loon
731 1066 858 1131 indicat
872 1066 1054 1132 Eusebius.
1081 1067 1282 1132 Christianis

59 1250 67 1262 .
179 1175 269 1233 certe
283 1168 464 1233 admodum
478 1167 605 1232 favisse
620 1187 718 1233 nemo
732 1169 851 1234 nescit.
893 1168 993 1233 Anno
1007 1171 1122 1234 artatis
1137 1170 1192 1234 56.
1210 1172 1283 1234 obi-

179 1273 250 1337 isse
264 1271 366 1338 tradit
382 1271 615 1355 Nicepboms:
639 1291 683 1335 ex
693 1272 817 1355 quibus
830 1272 998 1337 Eusebius
1010 1272 1065 1336 16.
1077 1272 1210 1355 imperii
1223 1293 1283 1337 an-

179 1395 245 1441 nos
261 1379 447 1458 computat,
462 1373 618 1438 videlicet
631 1375 676 1437 ab
691 1392 735 1438 eo
747 1382 908 1458 tempore,
921 1394 990 1458 quo
1002 1373 1149 1438 Caesaris
1163 1386 1283 1438 nomen

180 1479 337 1545 obtinuit.
382 1475 467 1542 Cum
482 1482 594 1540 autem
610 1475 732 1540 Victor
746 1476 880 1543 Sebotti
895 1477 1001 1541 nostri
1015 1476 1069 1540 13.
1085 1475 1193 1540 annos
1208 1477 1283 1561 ejus

179 1581 391 1667 principatus
402 1587 566 1656 numerat,
582 1579 740 1658 intelligit
754 1585 885 1663 tempus
899 1598 967 1663 quo
982 1576 1098 1643 Caesar
1112 1579 1186 1643 fnit.

225 1683 375 1748 Natione
401 1687 539 1760 tantum,
566 1700 633 1744 uon
655 1683 773 1765 speeie
795 1682 957 1764 eorporis,
971 1701 1036 1745 non
1058 1683 1203 1765 ingenio,
1217 1703 1284 1748 non

180 1785 332 1850 moribus
346 1786 506 1848 barbarus
520 1783 597 1859 fuit,
612 1803 713 1867 quem
736 1803 798 1848 sua
819 1785 998 1861 modestia,
1013 1784 1199 1868 prudentia,
1217 1785 1285 1848 iru-

179 1890 316 1973 galitae
345 1887 578 1971 temperantia,
606 1887 760 1966 castitas,
783 1893 818 1953 et
840 1886 1005 1952 fortitudo
1027 1895 1217 1952 evexerunt
1240 1886 1284 1953 ad

180 1991 370 2077 imperium.
414 1988 503 2070 Qnae
518 1991 551 2055 in
567 2010 609 2054 eo
626 1991 769 2054 virtutes
787 1991 851 2054 boc
874 1990 1141 2055 admirabiliores
1162 1991 1283 2055 extite-

180 2104 267 2173 runt,
282 2094 371 2178 quod
386 2095 568 2178 periculum
584 2101 675 2158 esset
689 2114 731 2158 ne
745 2094 903 2177 pessimis
922 2093 1197 2176 imperatoribus
1212 2093 1287 2176 qui·

181 2197 248 2262 bus
263 2197 447 2280 gratiosum
461 2216 538 2261 esse
554 2196 628 2281 ejus
650 2197 793 2262 fortunae
813 2198 982 2273 intererat,
997 2215 1059 2259 sua
1079 2198 1285 2279 exprobrare

181 2299 266 2365 vitia
282 2299 419 2363 videtur.
464 2297 576 2382 Opum
601 2305 797 2378 contemtor,
811 2319 853 2365 ao
874 2306 965 2365 tanta
984 2299 1018 2362 in
1033 2318 1163 2363 summo
1179 2297 1284 2362 bono·

181 2420 254 2467 rum
284 2399 420 2482 fastigio
444 2399 683 2480 moderatione,
710 2410 746 2466 ut
772 2423 847 2466 cum
876 2403 911 2466 iu
941 2402 1121 2485 partitione
1147 2402 1284 2485 imperii

182 2501 313 2584 Gallia,
322 2499 452 2582 Africa,
463 2502 564 2568 ltalia
575 2504 643 2588 ipsi
654 2505 841 2587 obtigisset,
851 2514 973 2589 sponte
983 2504 1090 2580 alteri,
1099 2510 1138 2567 ut
1148 2504 1285 2586 quidem

183 2607 234 2671 ait
258 2604 455 2688 Eutropius,
482 2603 601 2672 Africa
625 2614 658 2671 et
684 2608 785 2674 Italia
808 2610 955 2674 cesserit.
999 2607 1216 2671 Postremum
1242 2628 1285 2672 eo

183 2708 283 2774 etiam
299 2727 452 2794 magnus,
468 2709 559 2791 quod
573 2708 830 2778 Constantinum
850 2711 1007 2795 Magnum
1024 2709 1097 2776 orbi
1110 2708 1252 2776 dederit.
