2730 4726
417 307 684 360 consciamne
709 308 798 360 roo.
838 309 903 358 vm.
925 296 958 360 7.
1144 294 1231 363 laon

134 459 222 523 rium
251 455 454 534 decerneret,
474 453 579 534 dixit,
600 460 638 519 ut
663 455 818 534 decebat,
841 453 1074 520 Constantium
1106 453 1231 521 Piumn

135 559 320 625 Manifesta
348 559 436 623 enim
462 558 630 623 sententia
653 557 759 641 patris
783 558 907 624 electus
936 564 999 621 osq
1031 556 1230 640 Imperator.

132 665 166 730 4.
191 661 296 742 Quod
313 661 449 746 quidem
464 662 513 727 ita
525 680 588 725 nos
603 660 714 725 dicore
729 679 805 725 oum
820 659 946 725 veritas
955 659 1063 743 jubet,
1075 665 1146 725 tum
1160 661 1232 744 pia·

132 767 198 832 tati
213 772 310 844 tuae:
332 770 369 829 nt
384 765 493 842 video,
506 764 731 848 gratissimum
746 770 808 829 est.
844 763 914 828 Sed
930 782 988 828 cor
1002 763 1230 830 tantummodo

133 867 277 953 privatis
292 867 361 931 tais
376 866 550 932 affectibus
563 865 799 931 blandiamurl
822 886 899 931 eum
916 866 1065 931 omnium
1082 864 1230 932 Deorum

132 972 236 1036 luerit
248 970 309 1035 illa
330 969 506 1047 sententia,
525 969 711 1053 etquidem
728 969 929 1054 jampridem
945 968 1140 1034 anctoritate
1154 987 1229 1051 per-

132 1072 287 1155 scripta,⁸
309 1072 465 1155 quamvis
484 1079 554 1137 tum
573 1072 676 1156 pleno
695 1071 823 1136 firmata
843 1072 888 1136 sit
902 1071 1050 1136 consilio.
1095 1074 1127 1135 ὁ.
1148 1070 1229 1135 Janr

132 1183 216 1240 tunc
239 1176 325 1240 enim
345 1175 545 1240 coelestibus
559 1173 727 1257 suffragiis
742 1174 787 1239 ad
802 1175 941 1239 salutem
957 1173 1148 1257 reipublicae
1170 1193 1228 1238 vo·

133 1276 282 1355 cabade,
296 1296 374 1343 cnm
392 1277 437 1342 ad
460 1285 596 1360 tempus
615 1277 737 1361 ipsum,
753 1296 821 1361 qoo
843 1277 992 1360 paterio
1016 1274 1240 1361 Britanniam.

132 1379 381 1459 transfretabat,
396 1380 510 1456 classi,
520 1379 591 1463 jam
606 1379 684 1444 vela
698 1379 849 1457 facienti,
863 1379 1054 1462 repentinus
1075 1387 1154 1442 tuos
1170 1377 1230 1442 ad-

131 1487 256 1547 ventus
274 1482 410 1547 illuxit:
432 1490 472 1546 ut
490 1502 558 1546 non
576 1483 740 1547 advectus
762 1502 862 1547 cursu
876 1480 1023 1566 publico,
1038 1481 1098 1546 sed
1113 1481 1228 1547 divino

133 1584 285 1669 quodam
297 1585 477 1652 advolasse
491 1584 662 1649 curriculo
676 1584 843 1652 videreris.

583 1748 771 1771 ”MNO

133 1847 234 1897 lentiore
244 1846 310 1897 Ero.
318 1847 460 1897 Schonhor.
471 1846 566 1914 aliique
577 1848 655 1899 codd.
665 1856 692 1898 et
705 1848 765 1898 edd.
778 1853 890 1900 recentt.
906 1855 933 1899 at
943 1849 1038 1901 decebat
1048 1849 1113 1899 dixit
1124 1846 1228 1902 Pntcoi.

133 1913 220 1963 Ririn.
232 1913 340 1977 Cuspio.
352 1914 470 1963 Rhenan.
481 1914 571 1978 steph.
596 1920 623 1964 at
635 1914 700 1964 dicit
710 1915 805 1966 decebat
817 1914 878 1964 Vct.
890 1915 1002 1965 Putean.
1019 1916 1092 1971 dixit,
1100 1921 1126 1964 at
1134 1915 1230 1966 decebat

133 1978 198 2027 Ver.
219 1979 305 2028 Lirin.
323 1979 425 2029 Betria.
443 1980 530 2028 Moerl.
548 1979 661 2043 Goelplr.
681 1979 759 2030 Grnr.
782 1988 810 2029 et
829 1979 889 2029 edd.
909 1990 1017 2031 recenti.
1046 1981 1229 2049 Constantinam

133 2040 206 2092 Pinna
217 2041 331 2106 (ioelplr.
343 2053 370 2093 et
381 2043 441 2094 edd.
453 2054 513 2094 ante
525 2043 602 2093 (irat.
614 2045 650 2094 ita
662 2059 763 2109 quoqne
774 2044 859 2095 Ririn.
879 2047 1034 2095 Constantine
1042 2046 1105 2093 Vet.
1116 2046 1228 2095 Prrtean.

134 2109 302 2158 Gaudentium
310 2108 383 2157 Ptarn
394 2110 454 2157 Vet.
468 2111 565 2159 Bertin.
574 2111 651 2160 Grut.
663 2118 691 2159 et
702 2110 762 2160 edd.
774 2118 885 2159 recentt.
902 2113 1030 2160 electaaert
1042 2111 1149 2174 Cuspio.
1160 2112 1229 2160 Rhe·

132 2187 192 2223 nan.
204 2174 298 2237 Stepb.
312 2173 395 2224 Lirin.
407 2174 490 2224 Paria.
506 2176 593 2225 electae
603 2190 629 2224 er
639 2176 700 2225 Vct.
712 2176 824 2226 Putean.
834 2175 905 2225 Gnd.
917 2177 1003 2226 Moerl.
1014 2177 1098 2229 Baun.
1110 2176 1227 2226 Pararol.

133 2238 228 2287 cellar.
243 2245 272 2289 et
284 2247 395 2288 recentt.
422 2238 554 2289 Acidaliae
565 2241 636 2303 conj.
647 2242 733 2290 electra
743 2255 777 2301 er,
788 2243 908 2303 quoa-4
922 2241 991 2297 Qrmd
1003 2241 1039 2290 ito
1049 2255 1091 2291 nor
1100 2241 1186 2290 Rivin.
1200 2248 1229 2291 et

132 2303 192 2353 edd.
204 2311 267 2354 ante
277 2304 355 2354 Grnt.
373 2305 443 2360 Qnod
453 2305 547 2368 quidem
554 2306 590 2354 ita
600 2321 642 2354 nor
649 2306 711 2357 Ver.
723 2306 836 2355 Porcan.
844 2307 908 2357 Ver.
918 2307 1108 2357 Lirio.Berrin.
1117 2305 1228 2370 Gnelpb.

132 2367 213 2419 (irat.
232 2378 260 2420 et
274 2369 333 2418 edd.
348 2376 460 2419 recenrt.
483 2375 576 2419 tantam
592 2384 639 2419 non
656 2371 758 2436 paratio
777 2370 877 2420 Berlin.
902 2371 1119 2435 primteGuelph.
1132 2372 1159 2421 in
1176 2384 1229 2437 qno

130 2434 268 2498 aeqacntia
286 2447 366 2498 nrqne
384 2434 416 2484 ad
435 2437 567 2498 norman
585 2435 688 2486 derunt.
721 2436 787 2486 Voc.
801 2436 894 2500 pridem
904 2437 979 2486 deest
997 2437 1022 2485 io
1040 2439 1099 2486 edd.
1116 2445 1181 2487 vett.
1200 2446 1230 2489 ct

131 2499 220 2549 Rivio.
230 2505 306 2549 extat
317 2512 378 2549 rere
388 2501 413 2550 in
426 2500 492 2548 Exc.
503 2499 648 2550 Schoabov.
660 2503 720 2552 vet.
731 2502 1110 2552 Putean.Vet.lein.Bertin.
1118 2503 1224 2562 cuspin.

131 2563 211 2616 (irat.
224 2571 252 2615 et
261 2573 373 2615 reeenrr.
398 2565 539 2629 anormala
550 2567 616 2617 Exc.
631 2567 712 2629 Lang.
724 2574 753 2616 at
764 2566 825 2618 cdd.
841 2572 904 2615 vett.
927 2567 1057 2629 permipto
1068 2566 1144 2617 codd.
1157 2568 1229 2618 Gud.

130 2629 196 2680 Pnt.
206 2629 295 2680 Mori.
306 2636 334 2679 at
346 2627 407 2680 edd.
419 2636 531 2680 recentt.
567 2632 674 2694 omneis
684 2636 751 2694 pleno
762 2633 827 2682 Ere.
839 2633 920 2695 Laog.
931 2633 995 2681 Exc.
1006 2631 1150 2683 Sebonbov.
1162 2634 1227 2682 Cur·

129 2695 186 2758 pin.
220 2694 329 2758 qaantoir
345 2699 395 2744 ton
414 2695 482 2757 pana
499 2696 533 2743 rit
541 2694 645 2759 firmata
655 2698 717 2747 Vct.
737 2698 820 2746 Lirin.
838 2697 939 2746 Berlin.
961 2711 1014 2759 qnoe
1033 2703 1083 2746 torn
1097 2699 1174 2759 pleno,
1184 2700 1227 2761 tc.

129 2759 250 2810 Rhenan.
268 2759 393 2823 stephan.
410 2759 494 2809 Lirin.
514 2760 599 2809 Ririn.
631 2761 737 2824 minoia
752 2766 803 2811 tarn
813 2761 984 2826 nlenofirnmta
998 2762 1030 2811 rit
1042 2762 1153 2824 Gnelplr.
1166 2763 1227 2812 Vct.

128 2825 218 2875 Livia.
231 2824 331 2875 Bertin.
349 2825 436 2874 Moerl.
455 2824 540 2875 Paria.
558 2826 675 2876 Patarol.
692 2827 788 2877 Cellar.
799 2827 883 2876 Boon.
896 2836 922 2876 ct
933 2833 1091 2878 recellit-5
1101 2828 1160 2876 Jonr
1170 2832 1226 2875 tanc
1244 2842 1247 2847 ·

128 2889 263 2940 coeiertilnrr
272 2890 315 2939 ed.
326 2889 411 2938 Lirin.
426 2889 489 2939 enirn
501 2897 607 2940 cervant
618 2892 721 2956 reliqui,
731 2898 785 2941 tum
796 2892 886 2954 rcripri
895 2901 949 2941 tum
957 2891 1030 2942 editi.
1047 2892 1126 2952 rigata
1136 2891 1226 2956 sufflo·

124 2956 180 3017 gite
190 2953 252 3004 edd.
264 2963 328 3004 verr.
341 2954 457 3004 Rhenaa.
467 2955 559 3019 Steph-
570 2957 653 3006 Livio.
665 2958 751 3007 Rivlo.
770 2957 942 3019 ‘Imporrona
953 2957 1001 3004 ista
1010 2971 1059 3004 vox
1069 2956 1156 3018 signia,
1167 2969 1227 3020 quar

129 3020 188 3070 aina
199 3018 323 3070 dabioex
340 3020 457 3084 margine
475 3019 501 3068 in
519 3029 670 3071 contextum
688 3023 803 3083 irrepsit,
813 3023 886 3070 abest
904 3037 919 3071 a
935 3022 1011 3071 codd.
1024 3021 1107 3072 Lirin.
1125 3021 1226 3077 Bartin.

129 3085 196 3136 Por.
208 3084 295 3135 ntoerl.
305 3085 417 3146 Gnelplr.
429 3084 536 3148 Cuspio.
546 3094 574 3135 et
585 3086 646 3137 edd.
656 3095 768 3138 rceeott.
777 3102 886 3150 eamque
897 3088 986 3136 aberae
995 3088 1091 3137 debere
1103 3094 1131 3136 et
1143 3086 1226 3136 Livio.

129 3159 158 3266 gt
165 3149 272 3265 ¹ltcidal.
283 3158 355 3200 recte
362 3149 536 3215 judicarant.’
545 3150 633 3204 Arata.
658 3154 685 3202 in
695 3153 727 3202 B.
734 3152 893 3212 transferebat
903 3153 991 3203 Moerl.
1015 3152 1069 3204 Pro
1081 3167 1159 3217 cama,
1167 3152 1227 3207 Aci.-

148 3228 266 3280 heom.
276 3230 359 3266 “mh

625 3331 733 3381 NOTAE

128 3425 241 3478 atentini
252 3439 369 3476 nommnr
380 3425 535 3492 quadrijugo
546 3442 625 3477 carru
636 3427 662 3479 io
697 3427 850 3481 Maximiani
867 3425 1024 3495 supponitur,
1036 3432 1065 3476 to
1082 3426 1228 3479 Constantii

130 3503 227 3555 coelnm
244 3503 389 3566 evolantia,
406 3503 520 3568 deauper
540 3519 663 3554 mannae
697 3506 739 3556 Pii
751 3505 837 3555 filias?
1216 3557 1219 3561 .

129 3582 198 3630 coelo
214 3587 354 3644 porrecta:
371 3580 480 3630 iimitem
498 3580 566 3631 baud
583 3581 662 3633 dubie
728 3590 741 3625 a
760 3583 854 3631 Elector
864 3581 901 3644 er]
918 3579 961 3630 Ita
973 3580 1161 3633 restituendum
1177 3579 1228 3631 snit

128 3670 262 3707 nummum
274 3655 425 3706 coartantio
437 3654 516 3705 irrisae
531 3662 645 3719 oportet.
698 3658 729 3706 ad
740 3657 916 3721 integritatem
924 3672 1021 3717 rancor,
1028 3658 1225 3724 juxtavatarcm

126 3772 129 3778 .
161 3733 361 3784 remaneam
382 3732 468 3796 Pirnn]
496 3733 528 3783 Id
555 3749 660 3798 respon·
695 3734 820 3784 codicem.
1213 3771 1216 3777 .

130 3811 177 3869 dit,
189 3811 259 3878 qnod
271 3811 340 3874 pium
352 3811 534 3874 imperatorem
546 3809 661 3860 deceret.
727 3811 848 3861 lPietati
869 3812 930 3876 trroe]
959 3811 1029 3862 Nibil
1056 3811 1124 3861 enlm
1152 3824 1225 3874 aqoc

129 3888 243 3939 Videtur
259 3896 346 3936 aurem
358 3887 524 3936 Constantina
537 3886 661 3950 peculiari
696 3894 798 3951 gratum
817 3889 872 3944 tibi,
885 3903 961 3954 quam
977 3891 999 3939 sl
1011 3904 1026 3938 a
1036 3897 1112 3953 patre
1127 3889 1226 3939 elector

129 3964 242 4029 qondam
258 3962 360 4015 nomine
381 3963 444 4012 Pina
463 3962 547 4013 dictur
565 3978 588 4013 c.
600 3977 662 4014 vmr.
696 3965 730 4013 aia
743 3965 893 4027 imperator.

130 4042 190 4092 ‘Dii
198 4041 272 4106 boni,
283 4044 381 4106 qoanla
392 4039 571 4090 Constantium
584 4041 660 4090 Pium
726 4049 735 4073 ¹
751 4041 902 4091 Auctoritote
915 4039 1224 4106 perscripta[praecri1rto]

132 4117 254 4169 miamin
273 4119 381 4165 oxc'earo
392 4131 444 4174 ¹sno
466 4115 592 4172 felicitate
614 4117 660 4168 do·
696 4117 728 4166 Id
748 4126 797 4179 aar,
813 4117 990 4170 irrevocabilia
1001 4118 1075 4184 quari
1088 4119 1223 4185 prascrip-

131 4191 238 4246 noorr’
271 4191 371 4257 Paneg.
389 4205 453 4245 viu.
473 4196 496 4252 l.
517 4192 599 4247 ‘Erat
615 4194 660 4245 ille
696 4194 849 4269 tiooiranre.
1213 4186 1215 4191 ⁸
