<?xml version="1.0" encoding="UTF-8"?>
<!DOCTYPE html PUBLIC "-//W3C//DTD XHTML 1.0 Transitional//EN"
    "http://www.w3.org/TR/xhtml1/DTD/xhtml1-transitional.dtd">
<html xmlns="http://www.w3.org/1999/xhtml" xml:lang="en" lang="en">
 <head>
  <title>
</title>
<meta http-equiv="Content-Type" content="text/html;charset=utf-8" />
  <meta name='ocr-system' content='tesseract 3.04.00' />
  <meta name='ocr-capabilities' content='ocr_page ocr_carea ocr_par ocr_line ocrx_word'/>
</head>
<body>
  <div class='ocr_page' id='page_1' title='image "./panegyriciveter01baungoog_0164.png"; bbox 0 0 2730 4726; ppageno 0'>
   <div class='ocr_carea' id='block_1_1' title="bbox 367 331 1234 398">
    <p class='ocr_par' dir='ltr' id='par_1_1' title="bbox 367 331 1234 398">
     <span class='ocr_line' id='line_1_1' title="bbox 367 331 1234 398; baseline 0.002 -3"><span class='ocrx_word' id='word_1_1' title='bbox 367 343 441 395; x_wconf 76' lang='lat' dir='ltr'><strong>nno</strong></span> <span class='ocrx_word' id='word_1_2' title='bbox 465 344 649 396; x_wconf 75' lang='lat' dir='ltr'><strong>russeus.</strong></span> <span class='ocrx_word' id='word_1_3' title='bbox 672 344 841 397; x_wconf 75' lang='lat' dir='ltr'><strong>senonis.</strong></span> <span class='ocrx_word' id='word_1_4' title='bbox 879 347 929 398; x_wconf 88' lang='grc' dir='ltr'><strong>ιι.</strong></span> <span class='ocrx_word' id='word_1_5' title='bbox 944 331 998 398; x_wconf 83' lang='lat'><strong>12.</strong></span> <span class='ocrx_word' id='word_1_6' title='bbox 1149 331 1234 398; x_wconf 78' lang='lat'>1251</span> 
     </span>
    </p>
   </div>
   <div class='ocr_carea' id='block_1_2' title="bbox 128 491 1317 2112">
    <p class='ocr_par' dir='ltr' id='par_1_2' title="bbox 128 491 1234 1500">
     <span class='ocr_line' id='line_1_2' title="bbox 137 491 1233 584; baseline 0.001 -25"><span class='ocrx_word' id='word_1_7' title='bbox 137 495 231 574; x_wconf 78' lang='lat' dir='ltr'><strong>rn&#39;ut3</strong></span> <span class='ocrx_word' id='word_1_8' title='bbox 264 491 326 560; x_wconf 88' lang='lat' dir='ltr'><strong>sed</strong></span> <span class='ocrx_word' id='word_1_9' title='bbox 349 496 386 557; x_wconf 91' lang='lat' dir='ltr'><strong>ut</strong></span> <span class='ocrx_word' id='word_1_10' title='bbox 406 497 545 559; x_wconf 75' lang='lat' dir='ltr'><strong>trecena&#39;</strong></span> <span class='ocrx_word' id='word_1_11' title='bbox 560 492 621 558; x_wconf 89' lang='lat' dir='ltr'><strong>ilia</strong></span> <span class='ocrx_word' id='word_1_12' title='bbox 642 493 809 584; x_wconf 87' lang='lat' dir='ltr'><strong>sestertia,</strong></span> <span class='ocrx_word' id='word_1_13' title='bbox 832 513 912 578; x_wconf 83' lang='lat' dir='ltr'><strong>quse</strong></span> <span class='ocrx_word' id='word_1_14' title='bbox 931 498 1040 560; x_wconf 67' lang='lat' dir='ltr'><strong>sacre</strong></span> <span class='ocrx_word' id='word_1_15' title='bbox 1063 493 1233 560; x_wconf 75' lang='lat' dir='ltr'><strong>memoriae</strong></span> 
     </span>
     <span class='ocr_line' id='line_1_3' title="bbox 133 590 1234 681; baseline 0.002 -21"><span class='ocrx_word' id='word_1_16' title='bbox 133 590 309 679; x_wconf 78' lang='lat' dir='ltr'><strong>magister¹</strong></span> <span class='ocrx_word' id='word_1_17' title='bbox 319 614 527 680; x_wconf 78' lang='lat' dir='ltr'><strong>acceperam,</strong></span> <span class='ocrx_word' id='word_1_18' title='bbox 538 594 571 659; x_wconf 91' lang='lat' dir='ltr'><strong>io</strong></span> <span class='ocrx_word' id='word_1_19' title='bbox 583 595 710 662; x_wconf 89' lang='lat' dir='ltr'><strong>bonore</strong></span> <span class='ocrx_word' id='word_1_20' title='bbox 723 597 845 681; x_wconf 78' lang='lat' dir='ltr'><strong>privati</strong></span> <span class='ocrx_word' id='word_1_21' title='bbox 860 595 959 681; x_wconf 89' lang='lat' dir='ltr'><strong>bnjus</strong></span> <span class='ocrx_word' id='word_1_22' title='bbox 971 597 1163 681; x_wconf 79' lang='lat' dir='ltr'>magisterii,</span> <span class='ocrx_word' id='word_1_23' title='bbox 1175 597 1234 663; x_wconf 90' lang='lat' dir='ltr'><strong>ad·</strong></span> 
     </span>
     <span class='ocr_line' id='line_1_4' title="bbox 132 696 1233 785; baseline 0.003 -23"><span class='ocrx_word' id='word_1_24' title='bbox 132 698 200 763; x_wconf 84' lang='lat' dir='ltr'><strong>dite</strong></span> <span class='ocrx_word' id='word_1_25' title='bbox 216 697 292 781; x_wconf 86' lang='lat' dir='ltr'><strong>pari</strong></span> <span class='ocrx_word' id='word_1_26' title='bbox 308 704 414 775; x_wconf 82' lang='lat' dir='ltr'><strong>sorte,</strong></span> <span class='ocrx_word' id='word_1_27' title='bbox 434 698 656 780; x_wconf 67' lang='lat' dir='ltr'><strong>geminarent.</strong></span> <span class='ocrx_word' id='word_1_28' title='bbox 695 696 727 762; x_wconf 88' lang='grc'><strong>3.</strong></span> <span class='ocrx_word' id='word_1_29' title='bbox 749 698 829 764; x_wconf 90' lang='lat' dir='ltr'><strong>Hoc</strong></span> <span class='ocrx_word' id='word_1_30' title='bbox 853 718 917 782; x_wconf 82' lang='lat' dir='ltr'><strong>ego</strong></span> <span class='ocrx_word' id='word_1_31' title='bbox 939 700 1108 778; x_wconf 84' lang='lat' dir='ltr'><strong>salarium,</strong></span> <span class='ocrx_word' id='word_1_32' title='bbox 1128 719 1233 785; x_wconf 86' lang='lat' dir='ltr'><strong>quen·</strong></span> 
     </span>
     <span class='ocr_line' id='line_1_5' title="bbox 131 786 1234 887; baseline 0.003 -22"><span class='ocrx_word' id='word_1_33' title='bbox 131 806 200 865; x_wconf 89' lang='lat' dir='ltr'><strong>tum</strong></span> <span class='ocrx_word' id='word_1_34' title='bbox 218 799 263 865; x_wconf 90' lang='lat' dir='ltr'><strong>ad</strong></span> <span class='ocrx_word' id='word_1_35' title='bbox 278 799 440 866; x_wconf 90' lang='lat' dir='ltr'><strong>bonorem</strong></span> <span class='ocrx_word' id='word_1_36' title='bbox 456 786 616 885; x_wconf 84' lang='lat' dir='ltr'><strong>pertinet,</strong></span> <span class='ocrx_word' id='word_1_37' title='bbox 629 801 805 866; x_wconf 81' lang='lat' dir='ltr'><strong>adoratum</strong></span> <span class='ocrx_word' id='word_1_38' title='bbox 815 808 836 838; x_wconf 74' lang='lat'><strong>¹⁸¹</strong></span> <span class='ocrx_word' id='word_1_39' title='bbox 851 801 995 887; x_wconf 81' lang='lat' dir='ltr'><strong>accipio,</strong></span> <span class='ocrx_word' id='word_1_40' title='bbox 1007 810 1041 868; x_wconf 89' lang='lat' dir='ltr'><strong>et</strong></span> <span class='ocrx_word' id='word_1_41' title='bbox 1052 803 1086 867; x_wconf 90' lang='lat' dir='ltr'><strong>in</strong></span> <span class='ocrx_word' id='word_1_42' title='bbox 1101 804 1234 887; x_wconf 90' lang='lat' dir='ltr'><strong>accepti</strong></span> 
     </span>
     <span class='ocr_line' id='line_1_6' title="bbox 129 903 1234 989; baseline 0.002 -21"><span class='ocrx_word' id='word_1_43' title='bbox 129 904 262 968; x_wconf 83' lang='lat' dir='ltr'><strong>ratione</strong></span> <span class='ocrx_word' id='word_1_44' title='bbox 273 903 475 986; x_wconf 82' lang='lat' dir='ltr'><strong>praescribo:</strong></span> <span class='ocrx_word' id='word_1_45' title='bbox 498 903 559 968; x_wconf 86' lang='lat' dir='ltr'><strong>sed</strong></span> <span class='ocrx_word' id='word_1_46' title='bbox 569 921 755 986; x_wconf 84' lang='lat' dir='ltr'><strong>expensum</strong></span> <span class='ocrx_word' id='word_1_47' title='bbox 765 903 884 969; x_wconf 81' lang='lat' dir='ltr'><strong>reterre</strong></span> <span class='ocrx_word' id='word_1_48' title='bbox 895 906 1012 988; x_wconf 76' lang='lat' dir='ltr'><strong>patriae</strong></span> <span class='ocrx_word' id='word_1_49' title='bbox 1025 924 1108 971; x_wconf 84' lang='lat' dir='ltr'><strong>meee</strong></span> <span class='ocrx_word' id='word_1_50' title='bbox 1121 907 1234 989; x_wconf 92' lang='lat' dir='ltr'><strong>cupio,</strong></span> 
     </span>
     <span class='ocr_line' id='line_1_7' title="bbox 129 1004 1234 1091; baseline 0.001 -21"><span class='ocrx_word' id='word_1_51' title='bbox 129 1013 164 1072; x_wconf 86' lang='lat' dir='ltr'><strong>et</strong></span> <span class='ocrx_word' id='word_1_52' title='bbox 179 1006 225 1070; x_wconf 88' lang='lat' dir='ltr'><strong>ad</strong></span> <span class='ocrx_word' id='word_1_53' title='bbox 243 1006 489 1070; x_wconf 87' lang='lat' dir='ltr'><strong>restitutionem</strong></span> <span class='ocrx_word' id='word_1_54' title='bbox 514 1004 615 1089; x_wconf 90' lang='lat' dir='ltr'><strong>hujus</strong></span> <span class='ocrx_word' id='word_1_55' title='bbox 641 1007 768 1090; x_wconf 88' lang='lat' dir='ltr'><strong>operis,</strong></span> <span class='ocrx_word' id='word_1_56' title='bbox 790 1007 901 1089; x_wconf 86' lang='lat' dir='ltr'><strong>quoad</strong></span> <span class='ocrx_word' id='word_1_57' title='bbox 923 1026 1007 1072; x_wconf 91' lang='lat' dir='ltr'><strong>usus</strong></span> <span class='ocrx_word' id='word_1_58' title='bbox 1029 1008 1234 1091; x_wconf 85' lang='lat' dir='ltr'><strong>poposcerit,</strong></span> 
     </span>
     <span class='ocr_line' id='line_1_8' title="bbox 129 1108 1234 1192; baseline 0.001 -19"><span class='ocrx_word' id='word_1_59' title='bbox 129 1109 313 1175; x_wconf 80' lang='lat' dir='ltr'><strong>destinare.</strong></span> <span class='ocrx_word' id='word_1_60' title='bbox 357 1111 391 1171; x_wconf 88' lang='grc'><strong>4.</strong></span> <span class='ocrx_word' id='word_1_61' title='bbox 414 1108 521 1192; x_wconf 84' lang='lat' dir='ltr'><strong>Cujus</strong></span> <span class='ocrx_word' id='word_1_62' title='bbox 547 1109 733 1176; x_wconf 84' lang='lat' dir='ltr'><strong>voluntatis</strong></span> <span class='ocrx_word' id='word_1_63' title='bbox 755 1129 840 1173; x_wconf 89' lang='lat' dir='ltr'><strong>mcee</strong></span> <span class='ocrx_word' id='word_1_64' title='bbox 863 1109 948 1174; x_wconf 88' lang='lat' dir='ltr'><strong>ratio</strong></span> <span class='ocrx_word' id='word_1_65' title='bbox 967 1110 1031 1174; x_wconf 89' lang='lat' dir='ltr'><strong>etsi</strong></span> <span class='ocrx_word' id='word_1_66' title='bbox 1054 1108 1234 1174; x_wconf 82' lang='lat' dir='ltr'><strong>asserenda</strong></span> 
     </span>
     <span class='ocr_line' id='line_1_9' title="bbox 128 1211 1234 1289; baseline -0.002 -12"><span class='ocrx_word' id='word_1_67' title='bbox 128 1230 199 1277; x_wconf 92' lang='lat' dir='ltr'><strong>uon</strong></span> <span class='ocrx_word' id='word_1_68' title='bbox 215 1216 279 1287; x_wconf 87' lang='lat' dir='ltr'><strong>est,</strong></span> <span class='ocrx_word' id='word_1_69' title='bbox 296 1218 410 1275; x_wconf 80' lang='lat' dir='ltr'><strong>tamen</strong></span> <span class='ocrx_word' id='word_1_70' title='bbox 426 1211 568 1276; x_wconf 82' lang='lat' dir='ltr'><strong>subhac</strong></span> <span class='ocrx_word' id='word_1_71' title='bbox 585 1216 644 1276; x_wconf 86' lang='lat' dir='ltr'><strong>tue</strong></span> <span class='ocrx_word' id='word_1_72' title='bbox 657 1211 878 1289; x_wconf 83' lang='lat' dir='ltr'><strong>humanitate,</strong></span> <span class='ocrx_word' id='word_1_73' title='bbox 890 1218 926 1275; x_wconf 92' lang='lat' dir='ltr'><strong>et</strong></span> <span class='ocrx_word' id='word_1_74' title='bbox 946 1212 1234 1277; x_wconf 87' lang='lat' dir='ltr'><strong>circumstantium</strong></span> 
     </span>
     <span class='ocr_line' id='line_1_10' title="bbox 129 1314 1234 1400; baseline 0.002 -22"><span class='ocrx_word' id='word_1_75' title='bbox 129 1314 380 1397; x_wconf 83' lang='lat' dir='ltr'><strong>expectatione,</strong></span> <span class='ocrx_word' id='word_1_76' title='bbox 410 1332 482 1397; x_wconf 85' lang='lat' dir='ltr'><strong>qua</strong></span> <span class='ocrx_word' id='word_1_77' title='bbox 510 1333 565 1378; x_wconf 91' lang='lat' dir='ltr'><strong>me</strong></span> <span class='ocrx_word' id='word_1_78' title='bbox 596 1314 705 1379; x_wconf 81' lang='lat' dir='ltr'><strong>audiri</strong></span> <span class='ocrx_word' id='word_1_79' title='bbox 730 1315 850 1394; x_wconf 87' lang='lat' dir='ltr'><strong>sentio,</strong></span> <span class='ocrx_word' id='word_1_80' title='bbox 877 1316 1091 1400; x_wconf 84' lang='lat' dir='ltr'><strong>aliquatenus</strong></span> <span class='ocrx_word' id='word_1_81' title='bbox 1117 1319 1234 1399; x_wconf 59' lang='lat' dir='ltr'><strong>prosess</strong></span> 
     </span>
     <span class='ocr_line' id='line_1_11' title="bbox 128 1414 347 1500; baseline 0 -20"><span class='ocrx_word' id='word_1_82' title='bbox 128 1414 268 1500; x_wconf 84' lang='lat' dir='ltr'><strong>quenda</strong></span> <span class='ocrx_word' id='word_1_83' title='bbox 281 1421 347 1480; x_wconf 79' lang='lat' dir='ltr'><strong>est.</strong></span> 
     </span>
    </p>

    <p class='ocr_par' dir='ltr' id='par_1_3' title="bbox 129 1517 1317 2112">
     <span class='ocr_line' id='line_1_12' title="bbox 170 1517 1233 1605; baseline 0.006 -24"><span class='ocrx_word' id='word_1_84' title='bbox 170 1517 265 1582; x_wconf 75' lang='lat' dir='ltr'><strong>Cur.</strong></span> <span class='ocrx_word' id='word_1_85' title='bbox 282 1532 356 1582; x_wconf 66' lang='grc' dir='ltr'><strong>ιιι.</strong></span> <span class='ocrx_word' id='word_1_86' title='bbox 399 1519 432 1584; x_wconf 89' lang='lat'><strong>1.</strong></span> <span class='ocrx_word' id='word_1_87' title='bbox 456 1518 546 1584; x_wconf 88' lang='lat' dir='ltr'><strong>Nam</strong></span> <span class='ocrx_word' id='word_1_88' title='bbox 570 1519 712 1602; x_wconf 89' lang='lat' dir='ltr'><strong>primum</strong></span> <span class='ocrx_word' id='word_1_89' title='bbox 736 1519 896 1598; x_wconf 87' lang='lat' dir='ltr'><strong>omnium,</strong></span> <span class='ocrx_word' id='word_1_90' title='bbox 913 1522 946 1585; x_wconf 92' lang='lat' dir='ltr'><strong>in</strong></span> <span class='ocrx_word' id='word_1_91' title='bbox 968 1521 1031 1586; x_wconf 92' lang='lat' dir='ltr'><strong>hoc</strong></span> <span class='ocrx_word' id='word_1_92' title='bbox 1046 1542 1108 1605; x_wconf 82' lang='lat' dir='ltr'><strong>ego</strong></span> <span class='ocrx_word' id='word_1_93' title='bbox 1123 1523 1233 1587; x_wconf 74' lang='lat' dir='ltr'><strong>maxi</strong></span> 
     </span>
     <span class='ocr_line' id='line_1_13' title="bbox 129 1621 1234 1708; baseline 0.001 -24"><span class='ocrx_word' id='word_1_94' title='bbox 129 1639 207 1685; x_wconf 84' lang='lat' dir='ltr'><strong>mos</strong></span> <span class='ocrx_word' id='word_1_95' title='bbox 221 1639 299 1686; x_wconf 89' lang='lat' dir='ltr'><strong>esse</strong></span> <span class='ocrx_word' id='word_1_96' title='bbox 314 1621 443 1686; x_wconf 86' lang='lat' dir='ltr'><strong>fruetus</strong></span> <span class='ocrx_word' id='word_1_97' title='bbox 458 1623 675 1706; x_wconf 73' lang='lat' dir='ltr'><strong>praemiorum</strong></span> <span class='ocrx_word' id='word_1_98' title='bbox 693 1628 786 1706; x_wconf 89' lang='lat' dir='ltr'><strong>puto,</strong></span> <span class='ocrx_word' id='word_1_99' title='bbox 811 1629 848 1688; x_wconf 90' lang='lat' dir='ltr'><strong>ut</strong></span> <span class='ocrx_word' id='word_1_100' title='bbox 870 1623 972 1706; x_wconf 84' lang='lat' dir='ltr'><strong>digni,</strong></span> <span class='ocrx_word' id='word_1_101' title='bbox 989 1627 1112 1708; x_wconf 86' lang='lat' dir='ltr'><strong>quibus</strong></span> <span class='ocrx_word' id='word_1_102' title='bbox 1132 1626 1234 1689; x_wconf 78' lang='lat' dir='ltr'><strong>tribn-</strong></span> 
     </span>
     <span class='ocr_line' id='line_1_14' title="bbox 131 1718 1235 1806; baseline 0.006 -24"><span class='ocrx_word' id='word_1_103' title='bbox 131 1726 241 1798; x_wconf 89' lang='lat' dir='ltr'><strong>antur,</strong></span> <span class='ocrx_word' id='word_1_104' title='bbox 257 1718 463 1786; x_wconf 85' lang='lat' dir='ltr'><strong>habeamur:</strong></span> <span class='ocrx_word' id='word_1_105' title='bbox 486 1720 654 1805; x_wconf 88' lang='lat' dir='ltr'><strong>siquidem</strong></span> <span class='ocrx_word' id='word_1_106' title='bbox 669 1722 744 1806; x_wconf 90' lang='lat' dir='ltr'><strong>ipse</strong></span> <span class='ocrx_word' id='word_1_107' title='bbox 763 1741 847 1786; x_wconf 91' lang='lat' dir='ltr'><strong>usus</strong></span> <span class='ocrx_word' id='word_1_108' title='bbox 863 1723 1032 1806; x_wconf 86' lang='lat' dir='ltr'><strong>pecnniae,</strong></span> <span class='ocrx_word' id='word_1_109' title='bbox 1047 1724 1147 1788; x_wconf 91' lang='lat' dir='ltr'><strong>bonis</strong></span> <span class='ocrx_word' id='word_1_110' title='bbox 1163 1743 1235 1789; x_wconf 88' lang='lat' dir='ltr'><strong>ma·</strong></span> 
     </span>
     <span class='ocr_line' id='line_1_15' title="bbox 130 1820 1317 1906; baseline 0.005 -21"><span class='ocrx_word' id='word_1_111' title='bbox 130 1820 220 1887; x_wconf 87' lang='lat' dir='ltr'><strong>lisve</strong></span> <span class='ocrx_word' id='word_1_112' title='bbox 235 1823 364 1886; x_wconf 86' lang='lat' dir='ltr'><strong>artibus</strong></span> <span class='ocrx_word' id='word_1_113' title='bbox 377 1828 498 1906; x_wconf 80' lang='lat' dir='ltr'><strong>partae,</strong></span> <span class='ocrx_word' id='word_1_114' title='bbox 514 1825 733 1906; x_wconf 87' lang='lat' dir='ltr'><strong>promiscuus</strong></span> <span class='ocrx_word' id='word_1_115' title='bbox 747 1829 781 1888; x_wconf 94' lang='lat' dir='ltr'><strong>et</strong></span> <span class='ocrx_word' id='word_1_116' title='bbox 801 1823 880 1889; x_wconf 82' lang='lat' dir='ltr'><strong>vilis</strong></span> <span class='ocrx_word' id='word_1_117' title='bbox 895 1831 966 1906; x_wconf 85' lang='lat' dir='ltr'><strong>est3</strong></span> <span class='ocrx_word' id='word_1_118' title='bbox 988 1825 1138 1891; x_wconf 83' lang='lat' dir='ltr'><strong>honestis</strong></span> <span class='ocrx_word' id='word_1_119' title='bbox 1153 1844 1234 1890; x_wconf 91' lang='lat' dir='ltr'><strong>vero</strong></span> <span class='ocrx_word' id='word_1_120' title='bbox 1315 1846 1317 1849; x_wconf 89' lang='lat'>·</span> 
     </span>
     <span class='ocr_line' id='line_1_16' title="bbox 130 1912 1234 2009; baseline 0.003 -21"><span class='ocrx_word' id='word_1_121' title='bbox 130 1923 320 1991; x_wconf 77' lang='lat' dir='ltr'><strong>rationibus</strong></span> <span class='ocrx_word' id='word_1_122' title='bbox 336 1943 438 2008; x_wconf 86' lang='lat' dir='ltr'><strong>posse</strong></span> <span class='ocrx_word' id='word_1_123' title='bbox 454 1925 641 2009; x_wconf 88' lang='lat' dir='ltr'><strong>acquirere,</strong></span> <span class='ocrx_word' id='word_1_124' title='bbox 655 1912 833 2006; x_wconf 89' lang='lat' dir='ltr'><strong>summum,</strong></span> <span class='ocrx_word' id='word_1_125' title='bbox 849 1925 981 1991; x_wconf 87' lang='lat' dir='ltr'><strong>etiamsi</strong></span> <span class='ocrx_word' id='word_1_126' title='bbox 1001 1932 1167 2009; x_wconf 86' lang='lat' dir='ltr'><strong>qneestnm</strong></span> <span class='ocrx_word' id='word_1_127' title='bbox 1182 1946 1234 1991; x_wconf 92' lang='lat' dir='ltr'><strong>re·</strong></span> 
     </span>
     <span class='ocr_line' id='line_1_17' title="bbox 131 2027 1235 2112; baseline 0.001 -20"><span class='ocrx_word' id='word_1_128' title='bbox 131 2027 278 2107; x_wconf 80' lang='lat' dir='ltr'><strong>miserie,</strong></span> <span class='ocrx_word' id='word_1_129' title='bbox 293 2027 421 2092; x_wconf 91' lang='lat' dir='ltr'><strong>lucrum</strong></span> <span class='ocrx_word' id='word_1_130' title='bbox 438 2035 500 2094; x_wconf 88' lang='lat' dir='ltr'><strong>est.</strong></span> <span class='ocrx_word' id='word_1_131' title='bbox 543 2028 576 2092; x_wconf 80' lang='lat'><strong>2.</strong></span> <span class='ocrx_word' id='word_1_132' title='bbox 600 2027 724 2112; x_wconf 91' lang='lat' dir='ltr'><strong>Neque</strong></span> <span class='ocrx_word' id='word_1_133' title='bbox 740 2028 830 2093; x_wconf 91' lang='lat' dir='ltr'><strong>enirn</strong></span> <span class='ocrx_word' id='word_1_134' title='bbox 844 2029 950 2112; x_wconf 87' lang='lat' dir='ltr'><strong>Syrus</strong></span> <span class='ocrx_word' id='word_1_135' title='bbox 966 2036 1161 2106; x_wconf 83' lang='lat' dir='ltr'><strong>mereator,¹²</strong></span> <span class='ocrx_word' id='word_1_136' title='bbox 1176 2034 1235 2093; x_wconf 85' lang='lat' dir='ltr'><strong>eut</strong></span> 
     </span>
    </p>
   </div>
   <div class='ocr_carea' id='block_1_3' title="bbox 127 2291 1236 3138">
    <p class='ocr_par' dir='ltr' id='par_1_4' title="bbox 127 2291 1236 2874">
     <span class='ocr_line' id='line_1_18' title="bbox 130 2291 1235 2357; baseline -0.001 -14"><span class='ocrx_word' id='word_1_137' title='bbox 130 2291 195 2343; x_wconf 86' lang='lat' dir='ltr'><strong>bent</strong></span> <span class='ocrx_word' id='word_1_138' title='bbox 206 2295 311 2357; x_wconf 75' lang='lat' dir='ltr'><strong>trecens,</strong></span> <span class='ocrx_word' id='word_1_139' title='bbox 323 2291 392 2355; x_wconf 87' lang='lat' dir='ltr'><strong>quod</strong></span> <span class='ocrx_word' id='word_1_140' title='bbox 406 2292 504 2356; x_wconf 81' lang='lat' dir='ltr'><strong>primus</strong></span> <span class='ocrx_word' id='word_1_141' title='bbox 516 2292 543 2342; x_wconf 91' lang='lat' dir='ltr'><strong>in</strong></span> <span class='ocrx_word' id='word_1_142' title='bbox 555 2298 653 2343; x_wconf 83' lang='lat' dir='ltr'><strong>testum</strong></span> <span class='ocrx_word' id='word_1_143' title='bbox 665 2293 752 2344; x_wconf 83' lang='lat' dir='ltr'><strong>intulit</strong></span> <span class='ocrx_word' id='word_1_144' title='bbox 767 2292 865 2356; x_wconf 75' lang='lat' dir='ltr'><strong>Jaeger.</strong></span> <span class='ocrx_word' id='word_1_145' title='bbox 882 2299 974 2344; x_wconf 80' lang='lat' dir='ltr'><strong>teresse</strong></span> <span class='ocrx_word' id='word_1_146' title='bbox 992 2292 1051 2343; x_wconf 87' lang='lat' dir='ltr'><strong>edd.</strong></span> <span class='ocrx_word' id='word_1_147' title='bbox 1067 2297 1132 2341; x_wconf 84' lang='lat' dir='ltr'><strong>vett.</strong></span> <span class='ocrx_word' id='word_1_148' title='bbox 1167 2292 1235 2342; x_wconf 88' lang='lat' dir='ltr'><strong>Vide</strong></span> 
     </span>
     <span class='ocr_line' id='line_1_19' title="bbox 131 2357 1236 2424; baseline 0.002 -18"><span class='ocrx_word' id='word_1_149' title='bbox 131 2357 210 2407; x_wconf 90' lang='lat' dir='ltr'><strong>Nott.</strong></span> <span class='ocrx_word' id='word_1_150' title='bbox 222 2357 299 2407; x_wconf 82' lang='lat' dir='ltr'><strong>Verr.</strong></span> <span class='ocrx_word' id='word_1_151' title='bbox 315 2357 398 2407; x_wconf 80' lang='lat' dir='ltr'><strong>additu</strong></span> <span class='ocrx_word' id='word_1_152' title='bbox 408 2363 480 2414; x_wconf 81' lang='lat' dir='ltr'><strong>sorte,</strong></span> <span class='ocrx_word' id='word_1_153' title='bbox 493 2358 587 2409; x_wconf 86' lang='lat' dir='ltr'><strong>omissa</strong></span> <span class='ocrx_word' id='word_1_154' title='bbox 599 2373 662 2409; x_wconf 83' lang='lat' dir='ltr'><strong>voce</strong></span> <span class='ocrx_word' id='word_1_155' title='bbox 677 2359 742 2422; x_wconf 85' lang='lat' dir='ltr'><strong>pori,</strong></span> <span class='ocrx_word' id='word_1_156' title='bbox 752 2357 913 2424; x_wconf 74' lang='lat' dir='ltr'><strong>(incipio-3</strong></span> <span class='ocrx_word' id='word_1_157' title='bbox 932 2358 1052 2408; x_wconf 84' lang='lat' dir='ltr'><strong>Baiduin·</strong></span> <span class='ocrx_word' id='word_1_158' title='bbox 1064 2359 1133 2422; x_wconf 90' lang='lat' dir='ltr'><strong>conj.</strong></span> <span class='ocrx_word' id='word_1_159' title='bbox 1143 2360 1236 2408; x_wconf 85' lang='lat' dir='ltr'><strong>odoero·</strong></span> 
     </span>
     <span class='ocr_line' id='line_1_20' title="bbox 130 2421 1234 2488; baseline 0.002 -18"><span class='ocrx_word' id='word_1_160' title='bbox 130 2427 180 2470; x_wconf 86' lang='lat' dir='ltr'><strong>tum</strong></span> <span class='ocrx_word' id='word_1_161' title='bbox 190 2421 292 2484; x_wconf 81' lang='lat' dir='ltr'><strong>occipio,</strong></span> <span class='ocrx_word' id='word_1_162' title='bbox 309 2422 435 2484; x_wconf 84' lang='lat' dir='ltr'><strong>probante</strong></span> <span class='ocrx_word' id='word_1_163' title='bbox 451 2423 587 2487; x_wconf 76' lang='lat' dir='ltr'><strong>scaligero</strong></span> <span class='ocrx_word' id='word_1_164' title='bbox 605 2423 638 2472; x_wconf 88' lang='lat' dir='ltr'><strong>de</strong></span> <span class='ocrx_word' id='word_1_165' title='bbox 653 2425 868 2488; x_wconf 49' lang='lat' dir='ltr'><strong>Emends&#39;i&#39;emp.</strong></span> <span class='ocrx_word' id='word_1_166' title='bbox 880 2437 907 2472; x_wconf 85' lang='lat' dir='ltr'><strong>v.</strong></span> <span class='ocrx_word' id='word_1_167' title='bbox 920 2438 945 2485; x_wconf 85' lang='lat' dir='ltr'><strong>p.</strong></span> <span class='ocrx_word' id='word_1_168' title='bbox 956 2427 1013 2473; x_wconf 78' lang='lat' dir='ltr'><strong>sm.</strong></span> <span class='ocrx_word' id='word_1_169' title='bbox 1030 2423 1134 2473; x_wconf 80' lang='lat' dir='ltr'><strong>oblatum</strong></span> <span class='ocrx_word' id='word_1_170' title='bbox 1144 2424 1234 2486; x_wconf 80' lang='lat' dir='ltr'><strong>occipio</strong></span> 
     </span>
     <span class='ocr_line' id='line_1_21' title="bbox 131 2486 1233 2552; baseline 0.003 -18"><span class='ocrx_word' id='word_1_171' title='bbox 131 2486 291 2547; x_wconf 77' lang='lat' dir='ltr'><strong>lietbeoins3</strong></span> <span class='ocrx_word' id='word_1_172' title='bbox 308 2487 431 2537; x_wconf 63' lang='lat' dir='ltr'><strong>mestum</strong></span> <span class='ocrx_word' id='word_1_173' title='bbox 442 2489 531 2552; x_wconf 85' lang='lat' dir='ltr'><strong>accipio</strong></span> <span class='ocrx_word' id='word_1_174' title='bbox 542 2489 639 2539; x_wconf 80' lang='lat' dir='ltr'><strong>hubent</strong></span> <span class='ocrx_word' id='word_1_175' title='bbox 650 2504 738 2538; x_wconf 88' lang='lat' dir='ltr'><strong>omnes</strong></span> <span class='ocrx_word' id='word_1_176' title='bbox 750 2489 827 2538; x_wconf 90' lang='lat' dir='ltr'><strong>codd.</strong></span> <span class='ocrx_word' id='word_1_177' title='bbox 840 2496 867 2538; x_wconf 89' lang='lat' dir='ltr'><strong>et</strong></span> <span class='ocrx_word' id='word_1_178' title='bbox 879 2489 939 2538; x_wconf 84' lang='lat' dir='ltr'><strong>edd.</strong></span> <span class='ocrx_word' id='word_1_179' title='bbox 971 2489 1025 2536; x_wconf 90' lang='lat' dir='ltr'><strong>Pro</strong></span> <span class='ocrx_word' id='word_1_180' title='bbox 1035 2490 1138 2548; x_wconf 80' lang='lat' dir='ltr'><strong>rotinus,</strong></span> <span class='ocrx_word' id='word_1_181' title='bbox 1149 2488 1233 2537; x_wconf 86' lang='lat' dir='ltr'><strong>Livio.</strong></span> 
     </span>
     <span class='ocr_line' id='line_1_22' title="bbox 129 2550 1234 2616; baseline 0.001 -17"><span class='ocrx_word' id='word_1_182' title='bbox 129 2550 201 2615; x_wconf 86' lang='lat' dir='ltr'><strong>conj.</strong></span> <span class='ocrx_word' id='word_1_183' title='bbox 217 2551 332 2602; x_wconf 80' lang='lat' dir='ltr'><strong>rstiesss.</strong></span> <span class='ocrx_word' id='word_1_184' title='bbox 365 2551 432 2603; x_wconf 68' lang='grc' dir='ltr'><strong>ΕΜ.</strong></span> <span class='ocrx_word' id='word_1_185' title='bbox 446 2561 510 2602; x_wconf 78' lang='lat' dir='ltr'><strong>vett.</strong></span> <span class='ocrx_word' id='word_1_186' title='bbox 524 2553 659 2616; x_wconf 71' lang='lat' dir='ltr'><strong>perscribo:</strong></span> <span class='ocrx_word' id='word_1_187' title='bbox 675 2556 737 2603; x_wconf 86' lang='lat' dir='ltr'><strong>Vet.</strong></span> <span class='ocrx_word' id='word_1_188' title='bbox 749 2553 832 2604; x_wconf 82' lang='lat' dir='ltr'><strong>Lirin.</strong></span> <span class='ocrx_word' id='word_1_189' title='bbox 844 2554 945 2603; x_wconf 83' lang='lat' dir='ltr'><strong>Bertiu.</strong></span> <span class='ocrx_word' id='word_1_190' title='bbox 962 2561 989 2602; x_wconf 88' lang='lat' dir='ltr'><strong>et</strong></span> <span class='ocrx_word' id='word_1_191' title='bbox 1005 2553 1075 2602; x_wconf 85' lang='lat' dir='ltr'><strong>Gud.</strong></span> <span class='ocrx_word' id='word_1_192' title='bbox 1092 2551 1234 2614; x_wconf 59' lang='lat' dir='ltr'><strong>prasente}</strong></span> 
     </span>
     <span class='ocr_line' id='line_1_23' title="bbox 129 2615 1234 2682; baseline 0.002 -17"><span class='ocrx_word' id='word_1_193' title='bbox 129 2615 188 2667; x_wconf 89' lang='lat' dir='ltr'><strong>cod.</strong></span> <span class='ocrx_word' id='word_1_194' title='bbox 202 2616 290 2666; x_wconf 73' lang='lat' dir='ltr'><strong>Meri.</strong></span> <span class='ocrx_word' id='word_1_195' title='bbox 305 2616 504 2681; x_wconf 70' lang='lat' dir='ltr'><strong>iumsptisusc</strong></span> <span class='ocrx_word' id='word_1_196' title='bbox 520 2620 648 2681; x_wconf 61' lang='lat' dir='ltr'><strong>pronote</strong></span> <span class='ocrx_word' id='word_1_197' title='bbox 683 2619 751 2669; x_wconf 80' lang='lat' dir='ltr'><strong>Edd.</strong></span> <span class='ocrx_word' id='word_1_198' title='bbox 761 2626 827 2668; x_wconf 84' lang='lat' dir='ltr'><strong>vett.</strong></span> <span class='ocrx_word' id='word_1_199' title='bbox 841 2618 929 2682; x_wconf 74' lang='lat' dir='ltr'><strong>putria</strong></span> <span class='ocrx_word' id='word_1_200' title='bbox 945 2618 1022 2681; x_wconf 79' lang='lat' dir='ltr'><strong>cupio,</strong></span> <span class='ocrx_word' id='word_1_201' title='bbox 1033 2618 1128 2666; x_wconf 87' lang='lat' dir='ltr'><strong>omisso</strong></span> <span class='ocrx_word' id='word_1_202' title='bbox 1140 2631 1234 2680; x_wconf 81' lang='lat' dir='ltr'><strong>prono·</strong></span> 
     </span>
     <span class='ocr_line' id='line_1_24' title="bbox 129 2680 1236 2746; baseline 0.001 -16"><span class='ocrx_word' id='word_1_203' title='bbox 129 2681 200 2730; x_wconf 86' lang='lat' dir='ltr'><strong>ruine</strong></span> <span class='ocrx_word' id='word_1_204' title='bbox 211 2695 280 2744; x_wconf 82' lang='lat' dir='ltr'><strong>sseae,</strong></span> <span class='ocrx_word' id='word_1_205' title='bbox 290 2680 359 2744; x_wconf 91' lang='lat' dir='ltr'><strong>qnod</strong></span> <span class='ocrx_word' id='word_1_206' title='bbox 377 2692 484 2733; x_wconf 75' lang='lat' dir='ltr'><strong>servant</strong></span> <span class='ocrx_word' id='word_1_207' title='bbox 504 2683 619 2746; x_wconf 81' lang='lat' dir='ltr'><strong>Gueiph.</strong></span> <span class='ocrx_word' id='word_1_208' title='bbox 638 2683 702 2734; x_wconf 78' lang='lat' dir='ltr'><strong>Ere.</strong></span> <span class='ocrx_word' id='word_1_209' title='bbox 722 2683 867 2734; x_wconf 83' lang='lat' dir='ltr'><strong>Sobouhov.</strong></span> <span class='ocrx_word' id='word_1_210' title='bbox 879 2685 940 2732; x_wconf 83' lang='lat' dir='ltr'><strong>Vct.</strong></span> <span class='ocrx_word' id='word_1_211' title='bbox 952 2685 1065 2732; x_wconf 82' lang='lat' dir='ltr'><strong>Puteso.</strong></span> <span class='ocrx_word' id='word_1_212' title='bbox 1076 2683 1137 2731; x_wconf 84' lang='lat' dir='ltr'><strong>Vet.</strong></span> <span class='ocrx_word' id='word_1_213' title='bbox 1149 2683 1236 2731; x_wconf 80' lang='lat' dir='ltr'><strong>Lirin.</strong></span> 
     </span>
     <span class='ocr_line' id='line_1_25' title="bbox 129 2746 1234 2813; baseline -0.001 -17"><span class='ocrx_word' id='word_1_214' title='bbox 129 2746 481 2811; x_wconf 60' lang='lat' dir='ltr'><strong>&amp;resumptoque</strong></span> <span class='ocrx_word' id='word_1_215' title='bbox 506 2756 566 2813; x_wconf 86' lang='lat' dir='ltr'><strong>post</strong></span> <span class='ocrx_word' id='word_1_216' title='bbox 590 2749 668 2799; x_wconf 86' lang='lat' dir='ltr'><strong>Grut.</strong></span> <span class='ocrx_word' id='word_1_217' title='bbox 711 2749 824 2806; x_wconf 85' lang='lat' dir='ltr'><strong>Deinde,</strong></span> <span class='ocrx_word' id='word_1_218' title='bbox 840 2747 899 2800; x_wconf 87' lang='lat' dir='ltr'><strong>cod.</strong></span> <span class='ocrx_word' id='word_1_219' title='bbox 922 2748 1009 2797; x_wconf 77' lang='lat' dir='ltr'><strong>Meri.</strong></span> <span class='ocrx_word' id='word_1_220' title='bbox 1033 2749 1109 2810; x_wconf 75' lang='lat' dir='ltr'><strong>quoad</strong></span> <span class='ocrx_word' id='word_1_221' title='bbox 1125 2761 1234 2796; x_wconf 74' lang='lat' dir='ltr'><strong>muers·</strong></span> 
     </span>
     <span class='ocr_line' id='line_1_26' title="bbox 127 2809 241 2874; baseline -0.018 -15"><span class='ocrx_word' id='word_1_222' title='bbox 127 2809 241 2874; x_wconf 66' lang='lat' dir='ltr'><strong>possuit.</strong></span> 
     </span>
    </p>

    <p class='ocr_par' dir='ltr' id='par_1_5' title="bbox 128 2874 1235 3138">
     <span class='ocr_line' id='line_1_27' title="bbox 161 2874 1233 2941; baseline -0.002 -15"><span class='ocrx_word' id='word_1_223' title='bbox 161 2875 231 2928; x_wconf 72' lang='lat' dir='ltr'><strong>Chr.</strong></span> <span class='ocrx_word' id='word_1_224' title='bbox 244 2887 297 2926; x_wconf 69' lang='grc' dir='ltr'><strong>ιιι.</strong></span> <span class='ocrx_word' id='word_1_225' title='bbox 331 2879 344 2926; x_wconf 90' lang='lat'>1</span> <span class='ocrx_word' id='word_1_226' title='bbox 362 2876 422 2925; x_wconf 79' lang='lat' dir='ltr'><strong>dom</strong></span> <span class='ocrx_word' id='word_1_227' title='bbox 436 2877 539 2941; x_wconf 70' lang='lat' dir='ltr'><strong>primm</strong></span> <span class='ocrx_word' id='word_1_228' title='bbox 552 2877 650 2941; x_wconf 72' lang='lat' dir='ltr'><strong>Jseger.</strong></span> <span class='ocrx_word' id='word_1_229' title='bbox 683 2877 768 2928; x_wconf 84' lang='lat' dir='ltr'><strong>codd.</strong></span> <span class='ocrx_word' id='word_1_230' title='bbox 783 2877 872 2927; x_wconf 77' lang='lat' dir='ltr'><strong>Mori.</strong></span> <span class='ocrx_word' id='word_1_231' title='bbox 888 2882 916 2925; x_wconf 90' lang='lat' dir='ltr'><strong>et</strong></span> <span class='ocrx_word' id='word_1_232' title='bbox 932 2874 1002 2924; x_wconf 86' lang='lat' dir='ltr'><strong>Gud.</strong></span> <span class='ocrx_word' id='word_1_233' title='bbox 1016 2874 1044 2924; x_wconf 81' lang='lat' dir='ltr'><strong>in</strong></span> <span class='ocrx_word' id='word_1_234' title='bbox 1056 2875 1100 2924; x_wconf 82' lang='lat' dir='ltr'><strong>hee</strong></span> <span class='ocrx_word' id='word_1_235' title='bbox 1114 2875 1233 2936; x_wconf 76' lang='lat' dir='ltr'><strong>egoorbi·</strong></span> 
     </span>
     <span class='ocr_line' id='line_1_28' title="bbox 128 2940 1235 3006; baseline 0.002 -18"><span class='ocrx_word' id='word_1_236' title='bbox 128 2944 190 3002; x_wconf 78' lang='lat' dir='ltr'><strong>sm,</strong></span> <span class='ocrx_word' id='word_1_237' title='bbox 208 2941 327 2990; x_wconf 64' lang='lat' dir='ltr'><strong>nmmo</strong></span> <span class='ocrx_word' id='word_1_238' title='bbox 347 2956 397 2990; x_wconf 83' lang='lat' dir='ltr'><strong>esse</strong></span> <span class='ocrx_word' id='word_1_239' title='bbox 411 2942 511 3000; x_wconf 75' lang='lat' dir='ltr'><strong>suntet</strong></span> <span class='ocrx_word' id='word_1_240' title='bbox 529 2945 732 3006; x_wconf 62' lang='lat' dir='ltr'><strong>prantenensi</strong></span> <span class='ocrx_word' id='word_1_241' title='bbox 753 2943 832 3004; x_wconf 78' lang='lat' dir='ltr'><strong>digni,</strong></span> <span class='ocrx_word' id='word_1_242' title='bbox 854 2940 938 3005; x_wconf 77' lang='lat' dir='ltr'><strong>quibes</strong></span> <span class='ocrx_word' id='word_1_243' title='bbox 958 2940 1075 3003; x_wconf 75' lang='lat' dir='ltr'><strong>tribuent,</strong></span> <span class='ocrx_word' id='word_1_244' title='bbox 1095 2941 1235 2990; x_wconf 78' lang='lat' dir='ltr'><strong>hohenstum</strong></span> 
     </span>
     <span class='ocr_line' id='line_1_29' title="bbox 128 3005 1234 3070; baseline 0 -15"><span class='ocrx_word' id='word_1_245' title='bbox 128 3005 238 3068; x_wconf 83' lang='lat' dir='ltr'><strong>Caspio.</strong></span> <span class='ocrx_word' id='word_1_246' title='bbox 252 3006 368 3069; x_wconf 78' lang='lat' dir='ltr'><strong>siquidem</strong></span> <span class='ocrx_word' id='word_1_247' title='bbox 379 3020 443 3068; x_wconf 78' lang='lat' dir='ltr'><strong>oses,</strong></span> <span class='ocrx_word' id='word_1_248' title='bbox 454 3008 548 3057; x_wconf 85' lang='lat' dir='ltr'><strong>orntsso</strong></span> <span class='ocrx_word' id='word_1_249' title='bbox 560 3009 718 3070; x_wconf 79' lang='lat' dir='ltr'><strong>pronomine.</strong></span> <span class='ocrx_word' id='word_1_250' title='bbox 752 3008 783 3057; x_wconf 93' lang='lat' dir='ltr'><strong>lo</strong></span> <span class='ocrx_word' id='word_1_251' title='bbox 795 3006 855 3057; x_wconf 88' lang='lat' dir='ltr'><strong>cod.</strong></span> <span class='ocrx_word' id='word_1_252' title='bbox 868 3007 956 3055; x_wconf 83' lang='lat' dir='ltr'><strong>Moert.</strong></span> <span class='ocrx_word' id='word_1_253' title='bbox 974 3005 1062 3061; x_wconf 83' lang='lat' dir='ltr'><strong>verba,</strong></span> <span class='ocrx_word' id='word_1_254' title='bbox 1076 3005 1189 3062; x_wconf 69' lang='lat' dir='ltr'><strong>boantis,</strong></span> <span class='ocrx_word' id='word_1_255' title='bbox 1205 3011 1234 3056; x_wconf 87' lang='lat' dir='ltr'><strong>et</strong></span> 
     </span>
     <span class='ocr_line' id='line_1_30' title="bbox 128 3070 1233 3138; baseline 0 -18"><span class='ocrx_word' id='word_1_256' title='bbox 128 3071 220 3120; x_wconf 71' lang='lat' dir='ltr'><strong>lesnes</strong></span> <span class='ocrx_word' id='word_1_257' title='bbox 240 3075 286 3135; x_wconf 77' lang='lat' dir='ltr'><strong>est,</strong></span> <span class='ocrx_word' id='word_1_258' title='bbox 302 3072 396 3121; x_wconf 80' lang='lat' dir='ltr'><strong>ornisss</strong></span> <span class='ocrx_word' id='word_1_259' title='bbox 413 3079 491 3123; x_wconf 87' lang='lat' dir='ltr'><strong>sunt:</strong></span> <span class='ocrx_word' id='word_1_260' title='bbox 510 3078 567 3122; x_wconf 82' lang='lat' dir='ltr'><strong>tots</strong></span> <span class='ocrx_word' id='word_1_261' title='bbox 584 3072 707 3136; x_wconf 83' lang='lat' dir='ltr'><strong>periodus</strong></span> <span class='ocrx_word' id='word_1_262' title='bbox 726 3072 759 3121; x_wconf 83' lang='lat' dir='ltr'><strong>sd</strong></span> <span class='ocrx_word' id='word_1_263' title='bbox 779 3085 850 3123; x_wconf 88' lang='lat' dir='ltr'><strong>num.</strong></span> <span class='ocrx_word' id='word_1_264' title='bbox 869 3085 924 3138; x_wconf 86' lang='lat' dir='ltr'><strong>seq.</strong></span> <span class='ocrx_word' id='word_1_265' title='bbox 939 3070 1015 3121; x_wconf 84' lang='lat' dir='ltr'><strong>deest</strong></span> <span class='ocrx_word' id='word_1_266' title='bbox 1037 3071 1063 3120; x_wconf 90' lang='lat' dir='ltr'><strong>in</strong></span> <span class='ocrx_word' id='word_1_267' title='bbox 1084 3070 1233 3135; x_wconf 75' lang='lat' dir='ltr'><strong>(iosiph.-</strong></span> 
     </span>
    </p>
   </div>
   <div class='ocr_carea' id='block_1_4' title="bbox 631 3216 739 3268">
    <p class='ocr_par' dir='ltr' id='par_1_6' title="bbox 631 3216 739 3268">
     <span class='ocr_line' id='line_1_31' title="bbox 631 3216 739 3268; baseline 0 0"><span class='ocrx_word' id='word_1_268' title='bbox 631 3216 739 3268; x_wconf 82' lang='lat' dir='ltr'>NOTAE</span> 
     </span>
    </p>
   </div>
   <div class='ocr_carea' id='block_1_5' title="bbox 128 3312 1235 3610">
    <p class='ocr_par' dir='ltr' id='par_1_7' title="bbox 128 3312 1235 3610">
     <span class='ocr_line' id='line_1_32' title="bbox 160 3312 1234 3380; baseline -0.002 -14"><span class='ocrx_word' id='word_1_269' title='bbox 160 3315 168 3350; x_wconf 93' lang='lat'><strong>¹</strong></span> <span class='ocrx_word' id='word_1_270' title='bbox 184 3312 270 3366; x_wconf 71' lang='lat' dir='ltr'><strong>caea</strong></span> <span class='ocrx_word' id='word_1_271' title='bbox 289 3314 408 3365; x_wconf 71' lang='lat' dir='ltr'><strong>messoria</strong></span> <span class='ocrx_word' id='word_1_272' title='bbox 428 3314 555 3380; x_wconf 70' lang='lat' dir='ltr'><strong>mistos]</strong></span> <span class='ocrx_word' id='word_1_273' title='bbox 571 3315 660 3366; x_wconf 77' lang='lat' dir='ltr'><strong>Sacrae</strong></span> <span class='ocrx_word' id='word_1_274' title='bbox 701 3315 901 3379; x_wconf 69' lang='lat' dir='ltr'><strong>coequemur</strong></span> <span class='ocrx_word' id='word_1_275' title='bbox 919 3313 951 3365; x_wconf 85' lang='lat' dir='ltr'><strong>ad</strong></span> <span class='ocrx_word' id='word_1_276' title='bbox 965 3315 1099 3378; x_wconf 79' lang='lat' dir='ltr'><strong>imperioso</strong></span> <span class='ocrx_word' id='word_1_277' title='bbox 1111 3313 1234 3378; x_wconf 75' lang='lat' dir='ltr'><strong>posceba-</strong></span> 
     </span>
     <span class='ocr_line' id='line_1_33' title="bbox 128 3385 1145 3455; baseline -0.002 -13"><span class='ocrx_word' id='word_1_278' title='bbox 128 3391 261 3442; x_wconf 72' lang='lat' dir='ltr'><strong>rnemoriae</strong></span> <span class='ocrx_word' id='word_1_279' title='bbox 272 3385 401 3455; x_wconf 70' lang='lat' dir='ltr'><strong>magistri,</strong></span> <span class='ocrx_word' id='word_1_280' title='bbox 411 3391 454 3455; x_wconf 93' lang='lat' dir='ltr'><strong>qui</strong></span> <span class='ocrx_word' id='word_1_281' title='bbox 466 3401 493 3442; x_wconf 87' lang='lat' dir='ltr'><strong>et</strong></span> <span class='ocrx_word' id='word_1_282' title='bbox 506 3392 663 3442; x_wconf 63' lang='lat' dir='ltr'><strong>‘Memorio</strong></span> <span class='ocrx_word' id='word_1_283' title='bbox 702 3399 755 3453; x_wconf 93' lang='lat' dir='ltr'><strong>tor,</strong></span> <span class='ocrx_word' id='word_1_284' title='bbox 766 3390 939 3441; x_wconf 79' lang='lat' dir='ltr'><strong>decumbente</strong></span> <span class='ocrx_word' id='word_1_285' title='bbox 953 3389 1145 3441; x_wconf 77' lang='lat' dir='ltr'><strong>Valentiniano.</strong></span> 
     </span>
     <span class='ocr_line' id='line_1_34' title="bbox 128 3467 1234 3533; baseline -0.004 -14"><span class='ocrx_word' id='word_1_286' title='bbox 128 3470 183 3520; x_wconf 86' lang='lat' dir='ltr'><strong>ies&#39;</strong></span> <span class='ocrx_word' id='word_1_287' title='bbox 198 3468 366 3530; x_wconf 80' lang='lat' dir='ltr'><strong>dicebantur,</strong></span> <span class='ocrx_word' id='word_1_288' title='bbox 381 3475 511 3533; x_wconf 85' lang='lat' dir='ltr'><strong>praeeraut</strong></span> <span class='ocrx_word' id='word_1_289' title='bbox 525 3469 619 3520; x_wconf 83' lang='lat' dir='ltr'><strong>libeliis</strong></span> <span class='ocrx_word' id='word_1_290' title='bbox 634 3477 662 3520; x_wconf 84' lang='lat' dir='ltr'><strong>et</strong></span> <span class='ocrx_word' id='word_1_291' title='bbox 733 3476 752 3502; x_wconf 81' lang='lat'><strong>¹¹</strong></span> <span class='ocrx_word' id='word_1_292' title='bbox 764 3468 907 3532; x_wconf 77' lang='lat' dir='ltr'><strong>Adorctum]</strong></span> <span class='ocrx_word' id='word_1_293' title='bbox 920 3468 980 3518; x_wconf 85' lang='lat' dir='ltr'><strong>Non</strong></span> <span class='ocrx_word' id='word_1_294' title='bbox 989 3469 1128 3527; x_wconf 81' lang='lat' dir='ltr'><strong>udoerotum,</strong></span> <span class='ocrx_word' id='word_1_295' title='bbox 1137 3467 1234 3516; x_wconf 87' lang='lat' dir='ltr'><strong>utle-</strong></span> 
     </span>
     <span class='ocr_line' id='line_1_35' title="bbox 128 3543 1235 3610; baseline -0.005 -15"><span class='ocrx_word' id='word_1_296' title='bbox 128 3545 259 3610; x_wconf 81' lang='lat' dir='ltr'><strong>epistolis,</strong></span> <span class='ocrx_word' id='word_1_297' title='bbox 281 3552 310 3596; x_wconf 85' lang='lat' dir='ltr'><strong>et</strong></span> <span class='ocrx_word' id='word_1_298' title='bbox 331 3546 497 3610; x_wconf 72' lang='lat' dir='ltr'><strong>peragendis,</strong></span> <span class='ocrx_word' id='word_1_299' title='bbox 516 3545 664 3609; x_wconf 88' lang='lat' dir='ltr'><strong>implendis,</strong></span> <span class='ocrx_word' id='word_1_300' title='bbox 705 3545 783 3594; x_wconf 90' lang='lat' dir='ltr'><strong>duiuo</strong></span> <span class='ocrx_word' id='word_1_301' title='bbox 805 3546 909 3608; x_wconf 81' lang='lat' dir='ltr'><strong>plaeet3</strong></span> <span class='ocrx_word' id='word_1_302' title='bbox 926 3559 975 3593; x_wconf 92' lang='lat' dir='ltr'><strong>non</strong></span> <span class='ocrx_word' id='word_1_303' title='bbox 997 3543 1108 3598; x_wconf 83' lang='lat' dir='ltr'><strong>obtutum,</strong></span> <span class='ocrx_word' id='word_1_304' title='bbox 1130 3547 1159 3592; x_wconf 92' lang='lat' dir='ltr'><strong>ot</strong></span> <span class='ocrx_word' id='word_1_305' title='bbox 1179 3543 1235 3592; x_wconf 78' lang='lat' dir='ltr'><strong>vnit</strong></span> 
     </span>
    </p>
   </div>
   <div class='ocr_carea' id='block_1_6' title="bbox 127 3619 1314 3686">
    <p class='ocr_par' dir='ltr' id='par_1_8' title="bbox 127 3619 1314 3686">
     <span class='ocr_line' id='line_1_36' title="bbox 127 3619 1314 3686; baseline -0.006 -13"><span class='ocrx_word' id='word_1_306' title='bbox 127 3621 317 3686; x_wconf 72' lang='lat' dir='ltr'><strong>signandisque</strong></span> <span class='ocrx_word' id='word_1_307' title='bbox 337 3621 471 3684; x_wconf 79' lang='lat' dir='ltr'><strong>rescriptis</strong></span> <span class='ocrx_word' id='word_1_308' title='bbox 487 3628 515 3672; x_wconf 80' lang='lat' dir='ltr'><strong>et</strong></span> <span class='ocrx_word' id='word_1_309' title='bbox 533 3623 663 3686; x_wconf 86' lang='lat' dir='ltr'><strong>responsis</strong></span> <span class='ocrx_word' id='word_1_310' title='bbox 705 3620 858 3672; x_wconf 84' lang='lat' dir='ltr'><strong>Deibenius.</strong></span> <span class='ocrx_word' id='word_1_311' title='bbox 891 3621 1126 3681; x_wconf 67' lang='lat' dir='ltr'><strong>Metiosedum,</strong></span> <span class='ocrx_word' id='word_1_312' title='bbox 1140 3619 1167 3668; x_wconf 91' lang='lat' dir='ltr'><strong>id</strong></span> <span class='ocrx_word' id='word_1_313' title='bbox 1184 3624 1234 3674; x_wconf 79' lang='grc' dir='ltr'><strong>ιιι,</strong></span> <span class='ocrx_word' id='word_1_314' title='bbox 1311 3640 1314 3646; x_wconf 94' lang='grc'><strong><em>·</em></strong></span> 
     </span>
    </p>
   </div>
   <div class='ocr_carea' id='block_1_7' title="bbox 127 3693 1235 4300">
    <p class='ocr_par' dir='ltr' id='par_1_9' title="bbox 127 3693 1235 4221">
     <span class='ocr_line' id='line_1_37' title="bbox 128 3693 1234 3762; baseline -0.006 -13"><span class='ocrx_word' id='word_1_315' title='bbox 128 3699 222 3762; x_wconf 79' lang='lat' dir='ltr'><strong>sacris,</strong></span> <span class='ocrx_word' id='word_1_316' title='bbox 241 3697 269 3749; x_wconf 90' lang='lat' dir='ltr'><strong>id</strong></span> <span class='ocrx_word' id='word_1_317' title='bbox 292 3704 332 3748; x_wconf 83' lang='lat' dir='ltr'><strong>est</strong></span> <span class='ocrx_word' id='word_1_318' title='bbox 350 3698 547 3760; x_wconf 79' lang='lat' dir='ltr'><strong>principalibus.</strong></span> <span class='ocrx_word' id='word_1_319' title='bbox 582 3698 664 3749; x_wconf 87' lang='lat' dir='ltr'><strong>Patet</strong></span> <span class='ocrx_word' id='word_1_320' title='bbox 703 3705 734 3747; x_wconf 86' lang='lat' dir='ltr'><strong>ut</strong></span> <span class='ocrx_word' id='word_1_321' title='bbox 755 3693 815 3747; x_wconf 81' lang='lat' dir='ltr'><strong>rnox</strong></span> <span class='ocrx_word' id='word_1_322' title='bbox 836 3697 883 3757; x_wconf 87' lang='lat' dir='ltr'><strong>sit,</strong></span> <span class='ocrx_word' id='word_1_323' title='bbox 901 3696 1100 3748; x_wconf 82' lang='lat' dir='ltr'><strong>venerabundus</strong></span> <span class='ocrx_word' id='word_1_324' title='bbox 1123 3694 1234 3757; x_wconf 83' lang='lat' dir='ltr'><strong>accipio.</strong></span> 
     </span>
     <span class='ocr_line' id='line_1_38' title="bbox 128 3769 1234 3838; baseline -0.007 -13"><span class='ocrx_word' id='word_1_325' title='bbox 128 3790 161 3826; x_wconf 83' lang='lat' dir='ltr'><strong>ex</strong></span> <span class='ocrx_word' id='word_1_326' title='bbox 172 3774 220 3825; x_wconf 83' lang='lat' dir='ltr'><strong>tin.</strong></span> <span class='ocrx_word' id='word_1_327' title='bbox 232 3788 264 3824; x_wconf 91' lang='grc' dir='ltr'><strong>ιι.</strong></span> <span class='ocrx_word' id='word_1_328' title='bbox 275 3775 333 3824; x_wconf 85' lang='lat' dir='ltr'><strong>cod.</strong></span> <span class='ocrx_word' id='word_1_329' title='bbox 349 3775 397 3824; x_wconf 79' lang='lat' dir='ltr'><strong>Tb.</strong></span> <span class='ocrx_word' id='word_1_330' title='bbox 409 3775 443 3823; x_wconf 86' lang='lat' dir='ltr'><strong>de</strong></span> <span class='ocrx_word' id='word_1_331' title='bbox 458 3772 589 3825; x_wconf 81' lang='lat' dir='ltr'><strong>ostreord.</strong></span> <span class='ocrx_word' id='word_1_332' title='bbox 606 3773 662 3826; x_wconf 81' lang='lat' dir='ltr'><strong>sive</strong></span> <span class='ocrx_word' id='word_1_333' title='bbox 704 3774 773 3824; x_wconf 88' lang='lat' dir='ltr'><strong>Itiud</strong></span> <span class='ocrx_word' id='word_1_334' title='bbox 786 3775 869 3838; x_wconf 87' lang='lat' dir='ltr'><strong>ipsum</strong></span> <span class='ocrx_word' id='word_1_335' title='bbox 880 3774 947 3825; x_wconf 84' lang='lat' dir='ltr'><strong>dicit</strong></span> <span class='ocrx_word' id='word_1_336' title='bbox 956 3789 1015 3838; x_wconf 81' lang='lat' dir='ltr'><strong>esp.</strong></span> <span class='ocrx_word' id='word_1_337' title='bbox 1027 3786 1088 3822; x_wconf 73' lang='lat' dir='ltr'><strong>xer.</strong></span> <span class='ocrx_word' id='word_1_338' title='bbox 1099 3770 1144 3819; x_wconf 83' lang='lat' dir='ltr'><strong>sed</strong></span> <span class='ocrx_word' id='word_1_339' title='bbox 1157 3769 1234 3833; x_wconf 85' lang='lat' dir='ltr'><strong>paulo</strong></span> 
     </span>
     <span class='ocr_line' id='line_1_39' title="bbox 128 3844 1233 3915; baseline -0.009 -13"><span class='ocrx_word' id='word_1_340' title='bbox 128 3851 242 3902; x_wconf 82' lang='lat' dir='ltr'><strong>sordidis</strong></span> <span class='ocrx_word' id='word_1_341' title='bbox 260 3864 329 3901; x_wconf 80' lang='lat' dir='ltr'><strong>mou·</strong></span> <span class='ocrx_word' id='word_1_342' title='bbox 347 3858 375 3901; x_wconf 92' lang='lat' dir='ltr'><strong>et</strong></span> <span class='ocrx_word' id='word_1_343' title='bbox 390 3851 416 3900; x_wconf 92' lang='lat' dir='ltr'><strong>iu</strong></span> <span class='ocrx_word' id='word_1_344' title='bbox 433 3852 510 3915; x_wconf 86' lang='lat' dir='ltr'><strong>epist.</strong></span> <span class='ocrx_word' id='word_1_345' title='bbox 525 3857 566 3900; x_wconf 77' lang='lat' dir='ltr'><strong>os.</strong></span> <span class='ocrx_word' id='word_1_346' title='bbox 600 3850 662 3902; x_wconf 84' lang='lat' dir='ltr'><strong>Dio·</strong></span> <span class='ocrx_word' id='word_1_347' title='bbox 702 3852 813 3903; x_wconf 77' lang='lat' dir='ltr'><strong>clarius:</strong></span> <span class='ocrx_word' id='word_1_348' title='bbox 831 3852 966 3902; x_wconf 68' lang='lat' dir='ltr'><strong>tSexceuu</strong></span> <span class='ocrx_word' id='word_1_349' title='bbox 983 3849 1037 3911; x_wconf 82' lang='lat' dir='ltr'><strong>iiia,</strong></span> <span class='ocrx_word' id='word_1_350' title='bbox 1055 3852 1179 3913; x_wconf 81' lang='lat' dir='ltr'><strong>quantuor</strong></span> <span class='ocrx_word' id='word_1_351' title='bbox 1200 3844 1233 3893; x_wconf 85' lang='lat' dir='ltr'><strong>sd</strong></span> 
     </span>
     <span class='ocr_line' id='line_1_40' title="bbox 127 3925 1235 3992; baseline -0.007 -14"><span class='ocrx_word' id='word_1_352' title='bbox 127 3944 221 3980; x_wconf 88' lang='lat' dir='ltr'><strong>scorus</strong></span> <span class='ocrx_word' id='word_1_353' title='bbox 240 3928 273 3977; x_wconf 83' lang='lat' dir='ltr'><strong>sd</strong></span> <span class='ocrx_word' id='word_1_354' title='bbox 291 3927 481 3992; x_wconf 74' lang='lat' dir='ltr'><strong>Augustinunr:</strong></span> <span class='ocrx_word' id='word_1_355' title='bbox 509 3927 661 3978; x_wconf 70' lang='lat' dir='ltr'><strong>‘Zenobiou</strong></span> <span class='ocrx_word' id='word_1_356' title='bbox 701 3925 824 3978; x_wconf 85' lang='lat' dir='ltr'><strong>honorem</strong></span> <span class='ocrx_word' id='word_1_357' title='bbox 833 3932 945 3992; x_wconf 80' lang='lat' dir='ltr'><strong>pectet,</strong></span> <span class='ocrx_word' id='word_1_358' title='bbox 952 3925 1165 3989; x_wconf 79' lang='lat' dir='ltr'><strong>occipioportsre</strong></span> <span class='ocrx_word' id='word_1_359' title='bbox 1174 3934 1235 3970; x_wconf 83' lang='lat' dir='ltr'><strong>cen·</strong></span> 
     </span>
     <span class='ocr_line' id='line_1_41' title="bbox 127 3997 1234 4068; baseline -0.006 -13"><span class='ocrx_word' id='word_1_360' title='bbox 127 3999 254 4068; x_wconf 66' lang='lat' dir='ltr'><strong>megistus</strong></span> <span class='ocrx_word' id='word_1_361' title='bbox 270 4004 401 4054; x_wconf 66' lang='lat' dir='ltr'><strong>memorie</strong></span> <span class='ocrx_word' id='word_1_362' title='bbox 415 4001 572 4054; x_wconf 62' lang='lat' dir='ltr'><strong>&#39;factumst’</strong></span> <span class='ocrx_word' id='word_1_363' title='bbox 602 4003 661 4053; x_wconf 87' lang='lat' dir='ltr'><strong>Me·</strong></span> <span class='ocrx_word' id='word_1_364' title='bbox 702 4010 855 4068; x_wconf 69' lang='lat' dir='ltr'><strong>semetque</strong></span> <span class='ocrx_word' id='word_1_365' title='bbox 875 4017 949 4053; x_wconf 88' lang='lat' dir='ltr'><strong>nsum</strong></span> <span class='ocrx_word' id='word_1_366' title='bbox 970 4001 1064 4063; x_wconf 74' lang='lat' dir='ltr'><strong>detego</strong></span> <span class='ocrx_word' id='word_1_367' title='bbox 1086 3997 1188 4062; x_wconf 69' lang='lat' dir='ltr'><strong>petris»,</strong></span> <span class='ocrx_word' id='word_1_368' title='bbox 1205 4004 1234 4048; x_wconf 77' lang='lat' dir='ltr'><strong>et</strong></span> 
     </span>
     <span class='ocr_line' id='line_1_42' title="bbox 128 4075 1235 4146; baseline -0.006 -15"><span class='ocrx_word' id='word_1_369' title='bbox 128 4082 192 4131; x_wconf 78' lang='lat' dir='ltr'><strong>ruini</strong></span> <span class='ocrx_word' id='word_1_370' title='bbox 202 4080 284 4131; x_wconf 82' lang='lat' dir='ltr'><strong>etiarn</strong></span> <span class='ocrx_word' id='word_1_371' title='bbox 295 4094 337 4128; x_wconf 84' lang='lat' dir='ltr'><strong>urs</strong></span> <span class='ocrx_word' id='word_1_372' title='bbox 349 4079 515 4142; x_wconf 74' lang='lat' dir='ltr'><strong>tegerespud</strong></span> <span class='ocrx_word' id='word_1_373' title='bbox 529 4079 663 4129; x_wconf 79' lang='lat' dir='ltr'><strong>Marcelli·</strong></span> <span class='ocrx_word' id='word_1_374' title='bbox 703 4081 752 4145; x_wconf 86' lang='lat' dir='ltr'><strong>ipsi</strong></span> <span class='ocrx_word' id='word_1_375' title='bbox 771 4080 931 4146; x_wconf 87' lang='lat' dir='ltr'><strong>potissimum</strong></span> <span class='ocrx_word' id='word_1_376' title='bbox 949 4076 1031 4141; x_wconf 84' lang='lat' dir='ltr'><strong>operi,</strong></span> <span class='ocrx_word' id='word_1_377' title='bbox 1048 4075 1073 4125; x_wconf 86' lang='lat' dir='ltr'><strong>io</strong></span> <span class='ocrx_word' id='word_1_378' title='bbox 1085 4089 1137 4140; x_wconf 90' lang='lat' dir='ltr'><strong>qno</strong></span> <span class='ocrx_word' id='word_1_379' title='bbox 1152 4087 1235 4139; x_wconf 75' lang='lat' dir='ltr'><strong>opero</strong></span> 
     </span>
     <span class='ocr_line' id='line_1_43' title="bbox 129 4149 1049 4221; baseline -0.01 -11"><span class='ocrx_word' id='word_1_380' title='bbox 129 4174 190 4210; x_wconf 82' lang='lat' dir='ltr'><strong>num</strong></span> <span class='ocrx_word' id='word_1_381' title='bbox 208 4158 253 4209; x_wconf 88' lang='lat' dir='ltr'><strong>tib.</strong></span> <span class='ocrx_word' id='word_1_382' title='bbox 272 4170 366 4208; x_wconf 82' lang='lat' dir='ltr'><strong>xxvn.</strong></span> <span class='ocrx_word' id='word_1_383' title='bbox 378 4158 410 4206; x_wconf 86' lang='lat' dir='ltr'><strong>de</strong></span> <span class='ocrx_word' id='word_1_384' title='bbox 423 4157 534 4221; x_wconf 75' lang='lat' dir='ltr'><strong>quodum</strong></span> <span class='ocrx_word' id='word_1_385' title='bbox 552 4158 662 4208; x_wconf 84' lang='lat' dir='ltr'><strong>Rustico</strong></span> <span class='ocrx_word' id='word_1_386' title='bbox 703 4149 1049 4214; x_wconf 69' lang='lat' dir='ltr'><strong>nostraeeiebrandssont!</strong></span> 
     </span>
    </p>

    <p class='ocr_par' dir='ltr' id='par_1_10' title="bbox 127 4226 1234 4300">
     <span class='ocr_line' id='line_1_44' title="bbox 127 4226 1234 4300; baseline -0.007 -13"><span class='ocrx_word' id='word_1_387' title='bbox 127 4235 244 4299; x_wconf 82' lang='lat' dir='ltr'><strong>Juliano,</strong></span> <span class='ocrx_word' id='word_1_388' title='bbox 255 4234 300 4300; x_wconf 89' lang='lat' dir='ltr'><strong>qni</strong></span> <span class='ocrx_word' id='word_1_389' title='bbox 320 4247 379 4285; x_wconf 85' lang='lat' dir='ltr'><strong>cunr</strong></span> <span class='ocrx_word' id='word_1_390' title='bbox 396 4233 663 4297; x_wconf 70' lang='lat' dir='ltr'><strong>magistermemoriae</strong></span> <span class='ocrx_word' id='word_1_391' title='bbox 735 4241 748 4267; x_wconf 82' lang='lat'><strong>¹¹</strong></span> <span class='ocrx_word' id='word_1_392' title='bbox 764 4233 843 4298; x_wconf 75' lang='lat' dir='ltr'><strong>Syrus</strong></span> <span class='ocrx_word' id='word_1_393' title='bbox 853 4228 982 4293; x_wconf 70' lang='lat' dir='ltr'><strong>moestos]</strong></span> <span class='ocrx_word' id='word_1_394' title='bbox 999 4226 1057 4294; x_wconf 80' lang='lat' dir='ltr'><strong>Syri</strong></span> <span class='ocrx_word' id='word_1_395' title='bbox 1075 4228 1165 4294; x_wconf 80' lang='lat' dir='ltr'><strong>popuii</strong></span> <span class='ocrx_word' id='word_1_396' title='bbox 1180 4241 1234 4279; x_wconf 79' lang='lat' dir='ltr'><strong>sss·</strong></span> 
     </span>
    </p>
   </div>
   <div class='ocr_carea' id='block_1_8' title="bbox 0 0 1370 4726">
    <p class='ocr_par' dir='ltr' id='par_1_11' title="bbox 0 0 1370 4726">
     <span class='ocr_line' id='line_1_45' title="bbox 0 0 1370 4726; baseline 0 1"><span class='ocrx_word' id='word_1_397' title='bbox 0 0 1370 4726; x_wconf 95' lang='lat' dir='ltr'><strong> </strong></span> 
     </span>
    </p>
   </div>
  </div>
 </body>
</html>
