2730 4726
132 290 218 357 1210
406 302 627 352 rreuunrrur
653 300 948 352 onnnrucrncus

134 451 262 519 Notum
281 451 343 525 est,
360 466 455 531 saepe
476 448 601 512 eisdem
618 447 810 530 parentibus
825 451 922 513 natos
937 465 1014 513 esse
1029 446 1228 518 dissimiles:

133 553 328 619 certissimae
348 551 566 616 fraternitatis
581 556 755 634 estusque
770 551 814 616 ad
826 550 1002 634 imperium
1016 551 1229 635 similitudo,⁸

133 677 210 740 quae
225 676 265 720 ue
279 655 379 722 etiam
393 654 605 720 intervallum
621 661 741 721 vestrm
758 654 863 720 vincit
878 655 1001 731 aetatis,
1015 662 1051 719 et
1064 656 1229 723 seniorem

127 760 361 844 junioremque
387 759 527 823 caritate
546 765 662 823 mutua
679 757 786 823 reddit
805 757 974 842 aequales:
997 765 1034 823 ut
1049 756 1123 842 jam
1146 759 1229 827 illud

130 863 216 927 falso
236 861 362 928 dictum
385 863 441 939 sit,
462 867 550 925 ‘non
570 861 730 926 delectari
750 863 913 950 societate
931 880 1041 925 rerum
1053 863 1119 927 nisi
1133 883 1231 948 pares

132 964 261 1030 annos?
304 967 335 1032 7.
359 964 581 1046 Intelligimus
604 965 703 1042 euim,
724 964 943 1029 sacratissimi
966 963 1156 1050 Principes,
1176 985 1232 1049 ge·

130 1069 257 1133 minum
272 1069 380 1146 vobis,
396 1068 550 1152 quamvis
566 1066 717 1151 dispares
733 1069 807 1133 sitis
823 1065 1007 1151 einstensi
1026 1067 1137 1133 inesse
1152 1088 1230 1134 con-

130 1164 265 1237 sensum
277 1192 286 1253 ;
298 1192 407 1256 neque
423 1179 458 1237 tu
473 1170 522 1235 illi
538 1171 662 1237 videris
671 1171 846 1256 promtior,
857 1191 969 1254 neque
980 1170 1042 1235 tibi
1055 1172 1116 1236 ille
1127 1191 1229 1237 cunc·

131 1277 242 1354 tatior,
258 1276 318 1341 sed
338 1275 480 1341 invicem
501 1282 632 1342 vosmet
651 1275 849 1357 imitamiui;
872 1276 1017 1339 invicem
1031 1281 1167 1339 vestros
1182 1274 1231 1338 ai·

129 1376 266 1442 sectetis
286 1396 402 1443 annos.
448 1376 505 1442 Sic
526 1395 588 1440 vos
603 1376 693 1441 fertis
709 1377 807 1461 quasi
823 1379 923 1443 ambo
933 1376 1113 1462 juniores,e
1127 1380 1230 1445 ambo

129 1480 295 1544 seniores.
332 1479 462 1545 Neuter
477 1479 553 1562 plus
568 1481 638 1547 suis
654 1480 803 1546 moribus
816 1481 926 1548 iavet:
948 1487 1091 1566 uterque
1102 1499 1140 1547 se
1155 1479 1231 1546 vult

129 1579 194 1645 hoc
211 1599 295 1658 esse,
309 1580 398 1664 quod
413 1580 513 1647 irater
528 1590 589 1647 est.

162 1721 175 1746 ⁴
192 1714 274 1765 Etiam
285 1715 311 1764 in
321 1713 419 1778 imperio
425 1717 529 1767 retinere
538 1717 669 1767 animorum
677 1717 857 1768 ronmnonsm.
883 1790 888 1796 η

588 1836 769 1858 mm

129 1926 201 1976 mque
210 1911 242 1961 cd
252 1910 376 1975 inperium
383 1911 523 1963 similitudo.
548 1914 633 1967 Quem
644 1913 784 1964 lectionem
797 1914 879 1966 secuti
891 1914 1108 1977 snutlllreuauur,
1116 1913 1229 1973 Nerius,

69 1992 73 2003 ·
131 1977 168 2028 Η.
187 1977 343 2041 stephanus.-
375 1977 428 2028 Sed
446 1978 614 2043 integriorem
632 1981 716 2030 locum
730 1974 784 2044 jem
805 1980 923 2030 exhibuit
940 1979 1132 2042 cuspinianus3
1151 1994 1229 2044 quem

130 2042 252 2105 deinceps
264 2044 343 2095 etiarn
354 2044 495 2102 Livineius,
507 2045 646 2108 Gruterus,
655 2051 683 2096 et
695 2045 810 2115 aliisunt
823 2042 955 2109 amplexi!
963 2045 1087 2095 Serme.
1115 2052 1122 2073 ¹
1133 2045 1230 2095 Deleri

128 2107 198 2157 inex
210 2109 323 2173 Guelph.
334 2110 434 2160 etExe.
443 2110 553 2159 Vosn'iu
566 2111 657 2175 quibus
669 2110 793 2161 tredecim
805 2125 905 2176 quoque
914 2111 961 2159 ille
972 2111 1050 2160 verbe
1062 2108 1229 2160 omittuntur.

129 2187 188 2236 quae
200 2185 273 2223 recte
284 2177 362 2224 etiarn
374 2175 483 2229 inseruit
494 2175 570 2225 Paul.
582 2176 672 2241 steph.
683 2184 708 2223 et
719 2184 779 2226 suut
791 2177 816 2225 in
828 2176 985 2226 Schonlrovii
996 2175 1147 2237 Excerptir.
1176 2177 1229 2226 Pu·

129 2238 192 2287 teol.
204 2247 307 2289 secutos
326 2245 368 2287 est
379 2239 503 2289 Riviuun’
519 2240 607 2290 Arnlz.
641 2241 758 2317 Notatum
774 2247 810 2290 est
826 2243 894 2304 conj.
909 2241 992 2290 Livio.
1027 2237 1155 2316 Qrterdem
1166 2239 1230 2317 edd.

128 2310 196 2416 tit:
217 2304 755 2432 tttintt'littu‘t“istit
768 2308 1228 2433 titulatorum:

128 2432 231 2481 Bertiu.
247 2438 271 2482 et
288 2434 402 2483 seniorem
419 2433 590 2498 minoremqner
607 2433 652 2483 sed
665 2435 727 2483 illud
746 2438 903 2499 minoremque
920 2436 983 2484 nilril
1001 2435 1071 2484 alind
1092 2443 1133 2486 est
1150 2450 1228 2500 quun

122 2497 297 2561 junioremque.
329 2497 442 2562 Syllaba
459 2501 509 2548 nin
520 2499 722 2558 etjunislmiles
739 2504 841 2550 omniuo
852 2507 911 2549 runt
923 2501 949 2549 iu
960 2500 1122 2549 membranis.
1148 2501 1228 2552 ‘Huc

130 2578 210 2624 rusque
230 2571 380 2615 constanter
401 2561 452 2613 tuit
472 2565 543 2613 edita
562 2566 618 2615 lraec
638 2564 768 2628 periodus,
787 2581 835 2615 non
850 2568 965 2615 delectare
984 2566 1121 2615 sonetntesr
1137 2580 1228 2631 ram,

127 2629 176 2678 nisi
191 2630 257 2678 inter
269 2643 340 2693 poree
354 2643 437 2679 ornos.
471 2629 603 2690 Castigarl
619 2628 729 2679 eandem
747 2631 780 2680 nd
798 2631 916 2681 codices:
933 2630 1047 2680 delectori
1061 2630 1175 2681 cochleis
1185 2641 1229 2682 est

127 2709 161 2743 ex
183 2695 315 2744 codicibus
332 2694 459 2744 Schwerz.
475 2702 503 2743 et
522 2695 635 2757 Guelplr.
656 2703 786 2756 preterea
805 2696 869 2745 inter
884 2696 968 2761 delevi
987 2711 1019 2745 ex
1039 2695 1129 2745 iisdem
1150 2697 1229 2747 codd.

128 2761 195 2809 Exc.
208 2760 287 2810 Voss.
298 2768 325 2810 et
337 2760 438 2809 Bertiu.
451 2774 492 2822 ap.
514 2760 676 2810 tritinsium?
685 2760 888 2810 ,inclmare—7
901 2760 924 2809 Ι.
943 2760 1014 2816 mim,
1032 2775 1053 2809 e.
1070 2760 1228 2823 lorpncteres

127 2827 256 2877 Schwurz.
269 2833 297 2876 et
308 2825 404 2888 Jeger.
438 2825 510 2880 Mox,
518 2830 542 2873 et
550 2825 670 2886 geminum
680 2824 740 2874 edd.
752 2833 816 2875 vett.
827 2831 850 2874 et
862 2826 935 2875 abest
946 2842 962 2875 a
973 2825 1032 2876 cod.
1042 2826 1155 2888 Guelplr.
1165 2828 1227 2879 vec

129 2892 214 2941 Livio.
224 2893 330 2955 Cuspio.
345 2891 460 2940 Rhensn.
475 2890 510 2939 H.
526 2891 618 2954 Steph-
628 2898 655 2941 et
672 2905 743 2954 seqq.
768 2892 875 2955 quumvis
885 2891 943 2939 ritis
953 2892 1060 2953 dippares
1071 2891 1137 2940 Exe.
1150 2891 1228 2943 vm

127 2956 169 3005 ille
179 2958 330 3006 cunctantior
340 2957 401 3005 Vet.
410 2956 522 3005 Putean.
530 2965 557 3006 et
569 2957 669 3006 Bertiu.
684 2957 722 3006 titt
732 2957 850 3006 remotior
859 2957 971 3019 Guelph.
986 2959 1027 3006 sed
1039 2957 1058 3005 ι’.
1069 2962 1157 3007 monet
1167 2958 1231 3021 ipsos

128 3021 215 3069 Lirin.
232 3022 346 3071 ‘Siccos
361 3021 438 3080 sertis
456 3021 525 3083 quusi
541 3023 608 3075 emto
617 3021 736 3081 juniores,
749 3021 816 3071 nerto
827 3022 941 3085 seniores]
959 3022 989 3071 lu
1001 3022 1150 3082 Puteolani,
1163 3023 1227 3074 Cus-

129 3084 239 3150 piuieni,
251 3086 340 3146 Nevit,
352 3085 385 3135 li.
397 3087 531 3147 Stephani,
543 3086 663 3142 Livineii‚
677 3086 794 3148 Gruteri,
803 3087 924 3147 Puteaui,
937 3086 1031 3138 ellac.
1043 3088 1085 3136 De
1097 3088 1122 3136 le
1133 3089 1227 3138 Beuue

128 3150 203 3200 libris
221 3151 339 3212 legimus,
357 3149 400 3199 Sir
414 3164 456 3198 cos
469 3149 733 3209 calojoannem
750 3153 861 3201 senones.
896 3153 935 3202 De
953 3168 1004 3215 qua
1024 3153 1136 3203 lectione
1152 3163 1228 3204 recte

123 3215 229 3279 judicet
240 3216 370 3266 Gruterus
381 3215 407 3264 iu
420 3216 503 3265 uotis:
520 3216 598 3266 ‘Nou
610 3216 737 3267 satisfacit
749 3217 853 3267 auribus
865 3217 937 3274 illud,
949 3234 1003 3276 oos;
1020 3218 1131 3276 mallem,
1143 3227 1227 3269 traus-

128 3279 284 3330 formeretur
295 3282 320 3330 iu
332 3279 409 3343 cmm,
419 3280 612 3345 legereturque,
620 3281 664 3331 Sir
674 3281 741 3332 anto
748 3282 806 3332 estis
811 3282 929 3344 juniores,
937 3283 1005 3332 corbo
1010 3283 1122 3334 micres.
1141 3284 1227 3335 Quem

128 3345 266 3396 lectionem
278 3347 404 3396 cellerius
416 3354 444 3396 et
461 3347 575 3399 Petnrol.
587 3347 758 3410 adoptaruute
776 3362 920 3413 quanquam
933 3362 982 3399 neo
996 3350 1063 3397 rnalo
1081 3349 1227 3400 rescriben-

128 3411 189 3462 dum
201 3412 331 3463 censuerit
343 3410 486 3474 Acidulius‚
493 3411 536 3462 Sic
546 3411 612 3461 colis
622 3412 793 3472 estisjuniores
803 3413 879 3473 onio,
889 3413 955 3462 nmio
965 3412 1086 3463 seniores?
1107 3415 1159 3465 Sed
1172 3430 1227 3466 uon

129 3491 194 3542 opus
212 3483 254 3527 est
272 3477 327 3527 sole
344 3478 513 3540 conjecturn;
530 3493 588 3526 cum
602 3478 744 3540 pleniorem
761 3477 965 3540 viridioremque
976 3481 1113 3530 lectionem
1130 3481 1227 3544 probet

129 3543 213 3594 codex
224 3551 321 3606 noster,
333 3557 409 3606 quarn
421 3543 487 3593 alius
500 3544 578 3592 etiarn
590 3543 673 3593 codex
686 3543 739 3594 Ms.
750 3544 776 3593 in
788 3551 898 3609 utroque
910 3545 989 3594 (ludii
1002 3544 1065 3594 libro
1086 3554 1227 3598 annotatus

128 3607 274 3664 confirmat,
285 3617 312 3658 et
324 3622 400 3673 qtram
413 3609 437 3657 iu
450 3609 750 3668 contextu-exhibemus,
760 3607 802 3657 Sir
813 3624 853 3657 sor
863 3609 940 3669 sertis
950 3610 1018 3673 quusi
1028 3609 1228 3672 calojoanne:

128 3675 259 3725 Schuetz.
291 3674 323 3723 Iu
341 3673 530 3724 constituendis
548 3674 698 3725 Mamer-tini
720 3673 805 3723 verbis
817 3674 987 3725 Schwerzlum
998 3684 1102 3724 secutus
1119 3687 1160 3727 est
1170 3677 1228 3728 Jer-

129 3755 218 3805 perus,
229 3739 389 3806 eandemque
400 3740 460 3790 lect.
469 3739 623 3791 confirment
634 3741 701 3792 Exn.
712 3740 789 3790 Voss.
798 3745 825 3789 et
836 3754 973 3791 cousensus
986 3748 1039 3790 tum
1050 3740 1158 3806 Etdilrii,
1168 3751 1226 3794 tour

620 3863 729 3914 NOTAE

159 3962 306 4027 torpores
325 3961 380 4011 ritis
404 3960 527 4026 oetutr'irrr]
554 3962 594 4010 Ex
616 3961 655 4011 iris
727 3959 965 4021 ostensolia..
979 3957 1227 4026 ·.[estir]juniores]

127 4040 280 4089 Mamertini
297 4039 381 4088 verbis
397 4037 584 4089 emendandum
595 4038 655 4089 Vic·
694 4038 789 4090 Melius
808 4040 873 4103 legit
893 4046 951 4102 port
966 4038 1109 4088 Livineium
1128 4039 1228 4089 Grute-

128 4117 192 4165 torir
207 4115 240 4164 de
256 4114 415 4166 Diocletiani
426 4121 504 4164 aetate
515 4115 599 4165 locum
609 4115 655 4167 ob·
695 4130 750 4178 rus,
766 4114 817 4165 Hie
827 4115 893 4166 umbo
904 4115 961 4165 estis
970 4113 1089 4178 iuniores,
1105 4114 1173 4166 undo
1188 4131 1227 4168 ss·

128 4192 230 4243 servavi
241 4191 273 4241 ud
284 4191 360 4244 tinem
371 4193 428 4256 ejus
440 4192 509 4243 rite.
694 4193 782 4249 pieres.
