2730 4726
198 304 285 373 1472
435 310 440 319 '
486 318 676 370 aternu
701 320 974 373 suaseramus

198 472 268 532 tate
281 483 348 529 uon
363 468 498 542 relenta,
510 472 549 529 nt
561 462 738 548 majestate
752 463 901 529 secura!
932 466 966 530 4.
980 465 1110 532 Praelio
1122 466 1184 533 vix
1195 472 1302 536 multe

196 576 294 634 nocte
315 566 483 645 consecto,
504 566 614 631 fessus
636 565 800 640 caedibus,
824 567 964 632 anbelus
987 589 1030 634 ex
1051 569 1157 648 bello,
1180 591 1304 639 cruore

198 671 338 748 oblitus,
354 670 414 735 sed
436 669 561 746 hostili,
579 669 623 733 ad
645 668 832 733 obsidionis
851 668 1007 752 uigiliask
1019 674 1229 738 recurrebas.
1271 679 1302 740 ὁ.

199 776 231 840 0
244 773 393 839 lorturmi
416 793 438 838 o
454 781 648 856 praepotens
663 773 791 838 Roma!
815 792 918 857 quam
931 780 969 838 tu
984 794 1144 859 umquam
1159 780 1303 858 gratiam

197 896 259 962 pro
281 879 382 941 tantis
403 876 457 941 bis
470 876 641 940 laboribus
657 876 804 940 reseresl
850 875 931 940 Nisi
945 877 1037 960 quod
1051 877 1302 962 indulgentissi-

180 1000 273 1054 ,rnus
296 979 473 1063 Princeps,
487 985 651 1062 tauquam
672 978 738 1043 boc
760 978 873 1062 ipsum
896 980 957 1047 tibi
978 981 1112 1060 debeat,
1127 1002 1171 1048 eo
1194 987 1302 1050 cario·

197 1104 267 1148 rem
279 1082 390 1159 babet,
405 1102 473 1166 quo
487 1082 615 1166 majore
626 1082 742 1146 labora
757 1081 913 1146 serravit

241 1182 331 1248 Gar.
354 1199 486 1249 xxvrr.
523 1185 554 1246 l.
578 1182 634 1257 Et,
648 1183 806 1267 quoniam
826 1203 878 1248 ma
893 1183 937 1248 ad
951 1186 1044 1250 urbis
1058 1205 1303 1254 commemora·

197 1287 323 1354 tionem
338 1288 407 1352 sors
422 1285 578 1371 quasdam
592 1286 715 1364 intulit,
727 1305 797 1349 nou
809 1305 918 1350 rarum
930 1288 1012 1352 ordo
1024 1288 1177 1368 deduxit,
1189 1312 1303 1375 neque

196 1407 356 1455 revocare
376 1390 454 1454 inde
476 1391 657 1454 orationem
679 1388 735 1453 las
753 1396 817 1467 est,
833 1408 902 1472 quo
919 1387 1118 1473 jamdudum
1141 1401 1303 1460 contenta

197 1494 376 1570 veniebat*
396 1498 557 1575 praetereo
578 1497 624 1568 te,
645 1488 825 1574 Aquileia,¹
845 1499 890 1566 to,
914 1491 1083 1571 Mutinam
1105 1501 1302 1580 ceterasque

197 1595 360 1677 regiones,
376 1596 510 1678 quibus,
528 1599 664 1678 propter
681 1596 856 1660 insecutas
871 1595 1120 1660 incredibilium
1135 1598 1302 1663 bonorum

198 1698 481 1773 commoditates*
503 1682 692 1781 gratissima
711 1698 775 1762 tuit
797 1697 907 1781 ipsius
927 1699 1195 1783 oppugnationis
1217 1700 1302 1784 inju-

197 1800 258 1865 ria.
301 1800 334 1865 2.
357 1801 541 1865 Senserunt
561 1800 660 1878 enim,
678 1799 849 1864 translatis
871 1800 916 1864 ad
938 1800 1155 1866 fortissimum
1172 1801 1300 1867 Princi-

197 1922 277 1990 pem
299 1904 506 1969 lonunarum
526 1923 664 1968 suarum
687 1903 931 1985 gubernaculis,
948 1921 1049 1986 quam
1068 1903 1170 1968 facile
1191 1906 1302 1970 omnia

198 2006 242 2070 ad
268 2005 435 2071 salubrem
461 2024 594 2071 cursum
619 2003 786 2081 redirent,·'
811 2023 889 2088 quae
916 2006 963 2069 ita
988 2005 1242 2085 deserebantur,
1267 2012 1303 2072 ut

197 2127 280 2172 mox
302 2116 360 2174 aut
380 2109 542 2174 malorum
563 2109 712 2173 omnium
736 2108 887 2193 scopulis
901 2108 1113 2187 illiderentur,
1128 2117 1189 2174 aut
1204 2111 1303 2176 mise-

198 2211 320 2275 riarum
335 2211 433 2276 vadis
449 2212 725 2277 adhaerescerent.
761 2211 795 2276 3.
811 2209 991 2288 Praetereo,
1003 2211 1153 2295 inquam,
1167 2221 1204 2278 et
1217 2213 1301 2287 baec,

198 2321 234 2376 et
253 2313 321 2377 alia
336 2315 520 2398 complura,
540 2332 681 2398 quorum
698 2319 749 2379 est
762 2321 797 2379 et
814 2315 1008 2397 singillatim
1023 2334 1168 2379 onerosa
1181 2315 1302 2395 moles,

199 2422 236 2479 et
249 2416 394 2479 omnium
409 2417 507 2480 simul
521 2436 661 2481 acervus
677 2419 856 2483 onerosior.
892 2419 926 2481 4.
949 2417 1052 2495 Nam,
1070 2437 1149 2501 quae
1164 2416 1302 2484 diducta

198 2517 281 2583 serre
306 2538 463 2603 nequeas,
486 2519 540 2584 bis
569 2521 779 2604 cougregatis
804 2519 929 2600 subire,
953 2520 1026 2604 spei
1049 2519 1303 2604 importunioris

226 2719 244 2763 s
257 2723 318 2772 Gara
327 2722 406 2786 pietas
413 2727 456 2772 tao
465 2725 531 2772 nullu
544 2737 571 2773 re
580 2726 719 2784 moveretur,
728 2725 751 2771 et
760 2720 872 2783 majestas
881 2727 942 2773 earet
952 2721 979 2772 ia
989 2726 1051 2773 tato.

232 2791 247 2829 8
266 2789 319 2844 Quo
327 2788 472 2851 J'ampridem
481 2792 590 2838 contento
599 2804 671 2838 cursu
679 2788 831 2850 properabat.

232 2849 246 2884 ⁸
264 2853 301 2902 Ob
310 2868 337 2903 eu
346 2870 398 2918 quoe
407 2859 530 2903 conuenta
540 2855 659 2903 commode
669 2858 734 2901 aunt.

232 2915 241 2949 ⁶
256 2918 420 2984 Inflareutem
431 2923 520 2969 statam
528 2920 719 2969 restituerentur.

196 3132 561 3205 prosecentumtmuieataloe
577 3139 667 3202 vnlgg.
690 3145 715 3189 et
728 3137 907 3199 majestate—b
927 3137 1091 3197 Ofortanutc
1108 3136 1178 3201 conj.
1200 3136 1302 3188 actual.

200 3207 272 3261 Mox,
281 3211 306 3254 tu
316 3205 391 3255 deest
399 3207 423 3255 in
434 3207 518 3256 Rivin.
527 3211 551 3256 1.
559 3211 584 3257 2.
596 3206 671 3254 tantis
679 3205 798 3254 laboribus
805 3204 888 3253 Livio.
897 3210 925 3252 et
933 3203 1063 3266 P.Stepb.
1080 3203 1157 3252 tantis
1167 3203 1207 3252 leia
1217 3205 1302 3254 lobori-

199 3271 242 3321 bur
250 3272 311 3320 Vct.
321 3271 404 3322 Livio.
414 3273 521 3334 cuspin.
532 3273 575 3319 ulii
587 3270 666 3320 codd.
678 3280 705 3319 et
717 3270 777 3319 edd.
794 3283 838 3332 quo
848 3269 926 3330 magis
936 3268 1015 3318 labore
1026 3268 1139 3331 Gnelpb.
1152 3277 1180 3316 et
1191 3269 1279 3318 Moerl.

232 3334 299 3384 Car.
311 3349 406 3386 xxv11.
440 3341 452 3385 l
472 3338 555 3386 Lirin.
567 3344 594 3385 et
605 3336 723 3385 Petarol.
740 3348 791 3383 sorr
802 3336 927 3397 quadum
944 3335 1005 3383 Vct.
1016 3333 1101 3382 Lirin.
1113 3334 1223 3397 Crispin.
1237 3336 1302 3384 Rbe-

198 3414 260 3449 nan.
275 3402 307 3448 al.
317 3401 372 3457 sorr
382 3404 495 3463 quadam.
518 3402 603 3451 Lirin.
611 3402 701 3463 Steph.
710 3401 819 3462 Cuspio.
830 3413 939 3448 revocare
951 3400 1096 3456 orationem
1113 3398 1179 3448 Vet.
1190 3398 1302 3449 Puteau.

198 3467 261 3516 Vct.
272 3465 354 3514 Livio.
364 3466 463 3515 Berlin·
476 3468 561 3517 Moerl.
572 3468 683 3530 Guelpb.
701 3467 780 3516 Grut.
795 3473 822 3513 et
840 3472 952 3513 recentt.
968 3478 1078 3513 revocare
1092 3464 1148 3511 iude
1165 3465 1303 3514 oramus:

200 3529 314 3593 (inelplr.
334 3530 382 3593 Aq·
400 3536 424 3579 te
442 3532 546 3581 Mutina.
587 3533 674 3580 Rivin.
691 3536 712 3580 l.
729 3535 755 3580 2.
776 3529 920 3590 grauissimo
929 3529 1040 3586 suit—2
1060 3529 1114 3578 Pro
1126 3528 1303 3593 deserebantur,

199 3595 302 3646 Acidal.
313 3597 386 3644 malit
396 3595 594 3655 farcinatus—3
613 3597 680 3647 Edd.
692 3604 753 3647 aute
765 3594 856 3644 Arntz.
871 3594 1014 3655 sigillatimf
1025 3594 1138 3656 Guelph.
1150 3595 1304 3656 augimaa.

199 3663 261 3712 Vid.
280 3675 352 3726 supr.
368 3675 452 3710 xvrrr.
471 3664 544 3713 1.-t
560 3662 674 3727 Guelplr.
690 3668 721 3714 ut
736 3675 816 3726 saepe,
834 3660 865 3708 iia
881 3659 1087 3722 cougregatis-5
1105 3659 1211 3709 Bertiu.
1228 3660 1303 3709 Grut.

698 3805 808 3860 NOTAE

232 3904 245 3940 '¹
256 3906 296 3956 Ad
306 3907 434 3957 obsidionis
441 3907 551 3971 uigilias]
568 3909 625 3956 Vox
637 3908 731 3970 uigilia
771 3907 832 3955 olim
845 3902 1052 3963 celeberrimum,
1063 3900 1172 3966 Aquilia.

200 3980 306 4031 ridetur
321 3983 363 4031 bic
380 3991 465 4033 sumta
483 3998 530 4047 pro
547 3983 579 4032 iis
596 3983 669 4047 ipsis,
686 3984 730 4048 qui
802 3990 820 4016 ὓ
831 3982 942 4045 Mutina]
950 3979 1019 4030 Urbs
1026 3979 1085 4028 olim
1095 3979 1189 4029 Gelliae
1198 3985 1303 4043 togata,

201 4064 275 4108 erant
287 4060 312 4107 in
325 4059 452 4111 excubiis.
770 4073 837 4108 nunc
856 4058 953 4119 Italiae,
974 4058 1040 4106 inter
1057 4057 1153 4105 Forum
1176 4057 1302 4121 Lepidum

230 4131 238 4165 ¹
250 4134 372 4197 Aquileia]
387 4136 529 4187 Carnorum
538 4134 686 4201 metropolit
696 4135 729 4186 ad
771 4136 802 4187 ad
815 4136 944 4186 Oceanum
958 4139 997 4184 15.
1010 4141 1037 4183 et
1047 4135 1191 4184 Bononiam
1203 4134 1237 4183 ad
1254 4134 1303 4185 Or·

200 4223 272 4260 oram
299 4212 380 4262 Maris
406 4212 542 4266 Adriatici·
579 4213 729 4278 Emporium
771 4219 824 4264 tum
836 4211 1152 4277 2⁰.utill.puas.dirtaur.
1170 4212 1281 4262 Modera
