2730 4726
138 312 227 385 lass
462 328 625 384 ananau
647 329 923 386 enunciamus

138 477 319 544 barbaria:
352 477 470 544 Persae
497 478 594 564 ipsis
616 485 736 563 potens
759 482 865 558 natio,
888 485 923 546 et
945 485 1028 566 post
1051 478 1241 554 Romam

138 579 400 664 magnitudinem
416 582 451 645 iu
465 585 564 647 terris
578 584 742 663 mounda,
760 585 945 650 amicitiam
958 590 1062 664 mam,
1076 586 1241 656 Constan.

137 683 385 761 onenariae,
401 701 467 748 non
480 684 593 748 minus
618 685 762 771 trepide,
781 707 884 770 quam
899 687 1091 754 amabiliter
1112 693 1241 775 petiae

137 793 226 851 runt.
269 785 377 851 Nulla
392 786 428 850 in
441 787 536 851 terris
550 795 619 852 tam
634 787 731 852 ferox
755 790 848 856 natio
865 798 929 869 est,
942 809 1020 874 quea
1037 800 1073 857 ta
1085 813 1160 858 uon
1174 814 1240 861 me-

137 896 226 969 tuat,
241 897 301 956 aut
314 888 445 972 diligat.
488 890 522 953 4.
545 889 668 955 Omnia
688 890 772 956 foris
796 892 943 976 placida,
957 893 1049 958 domi
1064 913 1240 981 prospera.

137 991 294 1057 Annouae
309 992 471 1073 ubertas;
494 993 661 1057 fructuum
686 993 798 1077 copia.
842 995 1029 1060 Exomatae
1053 999 1240 1071 mirandum

137 1097 172 1160 iu
185 1095 336 1176 modum,
350 1114 392 1161 ao
414 1114 520 1180 prope
533 1095 578 1159 de
593 1095 726 1178 integro
750 1094 896 1161 conditae
912 1097 1081 1162 civitates.
1130 1100 1239 1166 Nova

135 1199 229 1282 leges
257 1197 412 1282 regendis
440 1199 599 1276 moribus,
627 1206 662 1263 et
688 1198 882 1281 frangendis
910 1200 1002 1265 vitiis
1030 1204 1238 1269 constitutae

136 1300 300 1369 Vetemm
314 1302 534 1367 calumniosae
549 1302 704 1384 ambages
720 1303 866 1367 recisaeq
880 1303 1058 1388 captandae
1075 1304 1238 1390 simplici-

136 1406 218 1470 tatis
240 1405 384 1488 laqueos
403 1404 635 1488 ¹perdiderunt.
678 1407 711 1468 5.
738 1404 853 1470 Pudor
874 1411 984 1488 tutus;
1006 1407 1139 1472 munita
1165 1429 1237 1474 cou-

128 1506 236 1593 jugia.
281 1507 416 1573 Securae
438 1506 626 1571 facultates
647 1508 829 1572 ambitione
853 1509 908 1573 sui
929 1509 1086 1590 madent,
1099 1530 1168 1576 nec
1182 1513 1237 1576 ali·

135 1611 213 1695 quis
226 1609 373 1674 habendi
387 1628 489 1694 quam
506 1610 683 1693 plurimum
699 1618 831 1692 metus3
855 1611 960 1677 sedin
974 1613 1236 1680 tantabonorum

135 1711 306 1777 affluentia
327 1730 451 1794 magna
475 1713 677 1777 verecundia
699 1733 764 1777 non
790 1712 961 1779 habendis
977 1726 984 1732 ’
999 1712 1074 1778 Hic
1093 1715 1236 1801 denique

135 1821 242 1881 status
257 1834 363 1880 rerum
379 1821 441 1893 est,
456 1821 493 1880 ut
514 1815 704 1880 obtinendae
724 1815 838 1898 potius
860 1816 1032 1881 felicitatis
1053 1822 1173 1883 votum
1187 1841 1234 1902 ga·

133 1937 259 1996 ramus,
274 1936 375 2002 quam
389 1916 552 1999 augendae
562 1917 782 2000 cupiditatiss
802 1918 835 1983 6.
851 1917 965 1984 Unum
978 1918 1081 1983 modo
1093 1929 1162 1999 est,
1173 1940 1234 2006 quo

133 2019 207 2087 fieri
226 2021 338 2106 possit
360 2017 475 2084 Roma
500 2019 639 2098 felicior,
663 2021 848 2086 maximum
873 2021 1020 2106 quidem,
1042 2020 1105 2085 sed
1128 2031 1234 2089 tamen

132 2124 254 2204 solum,
273 2129 311 2189 ut
326 2121 594 2202 Constantinum,
608 2130 882 2190 conservatorem
901 2143 1011 2202 suum,
1025 2131 1066 2189 ut
1080 2125 1232 2191 beatissi·

162 2324 179 2367 s
192 2324 245 2375 Nec
255 2326 324 2375 timet
338 2328 380 2390 qai
389 2323 470 2390 opilat
479 2323 592 2388 abundat,
608 2327 650 2376 aed
663 2325 742 2390 patiar
753 2325 780 2374 iu
790 2330 858 2375 tanta
868 2325 980 2376 dommm
994 2325 1064 2389 capia
1072 2329 1154 2390 padua
1163 2335 1199 2379 eet
1206 2328 1232 2377 iia

132 2404 233 2584 :grllt
241 2456 373 2571 gaggandam
382 2455 449 2506 aeda
456 2455 537 2519 potius
549 2454 740 2517 ait‚feticitotam
749 2460 886 2520 perpetuam
894 2460 983 2520 tanae,
993 2470 1066 2520 auam
1078 2459 1180 2508 eamdem
1189 2473 1229 2507 aa

182 2535 232 2570 rem
302 2535 336 2570 aa.

599 2612 656 2634 mo
661 2610 778 2634 onnon

131 2724 185 2776 viu.
197 2724 283 2776 Rivin.
294 2726 327 2776 al.
340 2732 406 2776 vett.
431 2738 474 2788 par
483 2740 509 2775 aa
517 2725 569 2788 ipse
577 2741 602 2788 ρ.
619 2725 703 2775 untia:
718 2730 744 2774 et
753 2739 778 2787 p.
792 2725 826 2774 lt.
838 2740 870 2774 m.
878 2741 900 2774 c.
912 2730 932 2774 t.
942 2728 1054 2775 secunda.
1087 2728 1231 2787 Amicitiam,

130 2793 172 2855 isa.
198 2791 364 2856 Guelph.per
381 2806 406 2840 ae
426 2793 487 2855 ipsa.
520 2792 670 2840 Lectiouem
688 2789 902 2841 nostramecod.
920 2792 1021 2840 Bertiu.
1041 2794 1231 2854 recepitGrm.

130 2870 242 2920 eramque
254 2858 337 2906 secuti
349 2866 408 2906 suut
419 2864 532 2905 receuti.
549 2856 664 2905 Romana
674 2855 864 2916 magnitudinem
876 2856 996 2919 Guelpu
1016 2856 1091 2919 Mox,
1103 2859 1131 2906 iu
1144 2861 1229 2908 endem

130 2920 191 2971 cod.
204 2927 253 2971 tam
263 2921 321 2982 fera
339 2923 463 2971 notia-4
476 2921 565 2970 Omnia
574 2920 641 2979 soria
649 2921 739 2983 placito
751 2920 835 2972 Livia.
847 2921 880 2970 P.
892 2922 982 2986 Stepb.
994 2920 1079 2971 Brun.
1091 2923 1174 2973 Grut.
1186 2925 1231 2974 Pa·

129 2986 260 3048 risieusea,
270 2987 387 3037 Patarol.
399 2988 494 3036 Cellae.
522 2986 610 3034 Omnia
619 2986 645 3045 s.
654 2986 749 3048 ameide
757 2984 827 3035 (tud.
838 2986 947 3049 Cuspin·
957 2987 1060 3035 Puteal.
1070 2989 1189 3038 Rbeuau.
1200 2988 1230 3036 ll.

130 3051 222 3113 Steob.
233 3053 301 3113 quod
313 3053 445 3102 revocavit
456 3053 555 3113 Jaeger.
589 3049 631 3100 Aa
641 3066 688 3099 aaa
704 3051 831 3107 caeream:
845 3051 948 3114 Laepia
957 3059 1083 3101 exomatoe
1095 3054 1161 3103 add.
1172 3061 1230 3102 vett.

128 3116 224 3166 abertas
235 3117 402 3167 GudMoerl.
428 3115 632 3165 anaauoeabertaa
644 3115 707 3164 Vat.
728 3117 840 3164 Puteau.
870 3120 1061 3165 aauoaaeeriam
1075 3119 1143 3166 Eae.
1155 3120 1231 3180 Lang.

129 3181 200 3230 unda
219 3197 306 3232 veram
324 3184 460 3232 lectionem
482 3182 652 3230 restituerunt
669 3179 772 3229 Acidal·
788 3189 816 3231 et
833 3180 918 3230 Lirin.
955 3183 1092 3230 mirandam
1107 3184 1135 3232 ia
1153 3199 1229 3234 acmen

130 3246 291 3310 Guelplrarb.
313 3249 425 3310 gerendis
436 3247 539 3295 muribus
550 3246 654 3295 Puteal·
671 3246 776 3309 crispin.
793 3245 910 3295 Rbeuau.
931 3247 1021 3309 Stepb.
1040 3248 1128 3299 Lirin.
1151 3251 1230 3297 Rivin.

128 3314 240 3372 regendis
258 3315 362 3363 maritata
373 3314 434 3362 Vet.
451 3313 565 3362 Putean-
577 3313 638 3360 Vet.
656 3311 739 3360 Lirin.
752 3313 852 3360 Bertin.
871 3313 958 3361 Mori.
972 3311 1138 3374 Gunelpberb.
1155 3315 1228 3364 Grut.

128 3386 157 3425 et
170 3387 280 3427 receuti.
290 3385 318 3426 et
329 3381 366 3428 sic
379 3380 468 3441 legunt
480 3377 551 3427 Pith.
563 3383 591 3426 et
602 3376 820 3438 Fabr.⁴erigmdia
829 3377 931 3425 Acidal.
953 3392 981 3424 ac
991 3377 1143 3439 frangendis
1154 3380 1228 3428 Guel-

128 3441 269 3504 pberb.-5
285 3445 380 3493 Pudore
390 3450 431 3492 tuo
443 3443 549 3492 Puteol.
562 3442 680 3490 Rheuau.
693 3441 785 3504 Steph.
802 3443 888 3490 Liviu.
903 3443 989 3491 Rivin.
1008 3444 1042 3489 al.
1055 3452 1121 3494 vett.
1151 3445 1229 3492 Pudor

128 3511 195 3556 udus
207 3509 318 3570 Guelpb.
329 3509 391 3556 Vet.
400 3509 502 3557 Bertiu.
514 3507 601 3557 Moerl.
612 3508 677 3556 Exc.
688 3508 832 3557 Schonbov.
843 3508 920 3557 Grut.
931 3514 959 3556 et
972 3516 1086 3557 recenti.
1117 3509 1125 3535 ‘
1136 3509 1229 3558 Putea·

127 3585 176 3620 nus
194 3573 301 3637 conjicit
320 3574 417 3622 Pudore
436 3578 495 3633 tato,
515 3572 583 3636 quod
606 3573 690 3620 miuus
708 3572 901 3637 necessarium.{
921 3573 1015 3632 danger.
1039 3572 1171 3622 ambitione
1192 3589 1229 3634 apa

127 3637 242 3702 Guelph.
258 3640 332 3699 Mox,
342 3648 430 3699 magau
441 3638 516 3686 deest
528 3638 553 3685 in
567 3639 658 3686 eodem
670 3640 728 3687 cod.
749 3640 865 3697 augenda
875 3637 1032 3699 cupiditatem
1041 3639 1111 3701 eorrj.
1125 3639 1229 3688 Ritters.

128 3704 304 3768 acapiditatea
323 3703 474 3752 deidei-6
493 3703 578 3754 Livin.
590 3704 669 3754 erut.
681 3702 854 3766 Parisieneea,
867 3703 983 3751 Patarol·
1002 3704 1101 3752 Cellas.
1118 3719 1163 3766 qao
1172 3704 1228 3770 fiai

125 3776 222 3831 possen
255 3770 339 3819 Moeri,
352 3768 464 3833 Guelplr.
477 3767 581 3818 Puteal.
601 3769 707 3831 Cuspiu-
726 3770 842 3817 Rhenao.
854 3769 946 3831 Stepb.
966 3768 1053 3816 Rivin.
1066 3769 1168 3831 larges.
1188 3785 1228 3832 qao

121 3833 180 3898 fieri
188 3835 280 3898 pesum
298 3835 365 3901 quod
378 3843 479 3887 mutare
498 3849 550 3886 non
567 3834 702 3884 debuisset
715 3836 922 3884 Lirinensium
940 3834 1009 3882 euim
1026 3834 1147 3898 postulat
1161 3851 1224 3900 praa·

621 3989 732 4041 NOTAE
744 4040 746 4046 .

159 4088 332 4152 ‘Peraoeipass
344 4087 541 4151 Persoelegatoa
552 4087 584 4136 ad
592 4089 661 4138 Cou-
728 4096 741 4130 <¹
762 4087 920 4136 Calumnioaoe
937 4085 1047 4147 ambages
1060 4085 1157 4150 recisa]
1174 4086 1228 4136 Hoc

127 4167 269 4214 stantiuum
288 4167 415 4216 miseruut
433 4167 466 4215 de
481 4165 595 4230 peteuda
606 4168 661 4231 ejus
695 4164 730 4212 de
741 4165 914 4213 Constantino
924 4161 1053 4219 referunt,
1065 4164 1158 4214 Aurei.
1171 4165 1228 4214 Via·

128 4241 250 4291 amicitia.
696 4241 889 4291 toretEuseb.
