2730 4726
218 312 305 379 1612
620 324 750 374 nnnrnr
775 324 911 373 rncnrr
947 333 950 339 ·

219 472 445 548 Prudentiam,
459 471 600 556 ‘partita
614 491 688 535 snm
703 470 867 547 militem,r
881 476 913 536 et
926 469 1150 553 multiplicavi
1167 478 1239 536 arte
1249 468 1311 537 ¹ter·-

218 595 324 641 rorem
334 575 353 656 ;'
375 593 522 638 asserere
534 572 791 650 Fortitudinem,
804 579 813 607 ⁴
827 575 879 638 bis
891 572 1027 638 conflixi
1039 594 1116 638 cum
1128 574 1252 656 hoste,⁵
1266 576 1311 639 bis

217 681 283 743 vici
291 677 310 758 3’
334 697 449 742 omnes
465 684 634 760 postremo
658 678 823 758 clamare3
846 677 955 761 ‘quid
976 678 1036 741 tibi
1053 676 1217 741 debemus
1239 677 1311 743 For-

219 791 310 859 tuna,
323 801 425 865 quam
439 780 582 843 fecimus
591 779 625 841 Υ*
658 781 690 843 4.
708 778 774 844 Sed
790 781 820 844 si
835 782 894 845 illa
909 779 1009 856 dicat,
1025 783 1036 817 ‘
1052 782 1313 864 properationem

218 887 361 950 militurn
378 905 440 967 ogo
451 885 538 967 juvi,
551 904 614 966 ego
629 881 742 966 sugam
756 885 902 948 hostiurn
919 884 1116 968 praepedivi,
1129 903 1194 966 ego
1206 884 1312 949 Maxi·

217 1008 307 1052 mum
329 987 363 1051 in
384 1007 497 1052 muros
520 985 627 1067 co'egi,
650 993 685 1050 et
699 1006 799 1069 quem
812 1006 875 1053 vos
896 988 1072 1069 cogebatis
1088 988 1184 1057 mori,
1208 988 1314 1052 vivnm

218 1090 352 1155 domino
374 1087 571 1171 reservavi;‘
592 1108 658 1152 non
680 1089 788 1168 video,
808 1090 895 1174 quod
915 1091 1024 1175 possit
1045 1108 1122 1154 esse
1140 1090 1314 1174 judicium,

220 1194 301 1276 quin
323 1213 399 1257 curn
412 1194 476 1257 ista
490 1211 570 1276 pars
584 1193 726 1274 imputet
742 1194 872 1278 tyranni
893 1194 1016 1276 fugam,
1033 1195 1092 1258 illa
1107 1194 1314 1273 custodiam3

218 1296 421 1379 respublica,
444 1314 522 1380 qnae
538 1297 672 1379 utrique
687 1297 815 1380 pariter
837 1296 984 1361 obnoxia
999 1305 1062 1374 est,
1076 1297 1126 1360 lta
1140 1305 1332 1380 utramque

218 1398 405 1483 conjungat,
420 1405 460 1462 ut
478 1398 653 1476 fateatur*
668 1399 727 1462 uni
742 1405 847 1463 semet
867 1399 1058 1476 victoriam,
1081 1399 1180 1464 alteri
1200 1400 1314 1464 debera

221 1500 415 1565 vindictam.

261 1603 351 1668 cnr.
374 1619 456 1667 xm.
500 1604 533 1667 1.
555 1602 624 1668 Sed
643 1623 706 1667 nec
722 1610 760 1667 tu
775 1603 927 1667 debitam
942 1603 1083 1686 gratiam
1096 1602 1258 1668 beneficii
1272 1605 1331 1668 in·

217 1706 345 1771 ficiator
359 1706 515 1791 abjuras:
538 1727 613 1770 narn
634 1707 701 1771 etsi
725 1727 785 1791 per
807 1713 842 1770 te
866 1707 1049 1771 confeceris
1069 1707 1311 1790 quee'volebas,

217 1829 280 1893 per
302 1810 468 1874 fortunam
491 1816 603 1873 tamen
628 1810 707 1892 plus
731 1811 875 1893 adeptus
897 1830 946 1889 es,
970 1830 1072 1893 quarn
1087 1810 1242 1875 volebas.
1284 1809 1311 1872 2.

218 1911 383 1994 Agedum,
398 1913 427 1976 si
444 1912 588 1989 videtur,
604 1913 791 1996 praeteritas
815 1913 1038 1994 cogitationes
1061 1918 1137 1977 tuas
1161 1913 1310 1989 consule,

218 2011 251 2079 et
266 2022 341 2081 vota
356 2016 523 2080 conveni·
559 2014 652 2079 Num
669 2016 815 2099 amplius
830 2017 1020 2100 speravisti,
1034 2035 1137 2100 qnam
1147 2023 1190 2080 ut·
1203 2015 1310 2080 Mari·

217 2136 293 2180 mus
323 2117 385 2182 tibi
413 2117 612 2181 nuntiaretur
644 2118 788 2194 occisus,
818 2138 920 2200 qnam
950 2124 987 2182 ut
1015 2119 1215 2183 semivivum
1231 2118 1330 2202 ejus:

219 2225 333 2302 capnt,
356 2219 501 2284 nondum
525 2220 647 2284 clausis
669 2226 740 2285 tota
761 2227 866 2285 morte
889 2221 1009 2296 oculis,
1025 2221 1167 2284 cx'acie
1182 2219 1329 2284 referre-¹

218 2328 283 2397 tur,
300 2341 401 2406 quarn
419 2321 462 2385 ad
478 2336 655 2399 summum,
671 2325 709 2384 ut
722 2320 865 2403 lugiens,
890 2323 1090 2386 resistensve
1116 2324 1327 2404 capereturi

218 2422 248 2486 3.
272 2425 431 2488 Ceterum
456 2423 603 2509 qnando,
627 2425 720 2506 quod
745 2425 872 2488 sactum
896 2434 961 2499 cst,
986 2425 1041 2488 vel
1058 2426 1201 2508 optasti,
1223 2435 1260 2489 ut
1279 2445 1311 2489 se

218 2527 279 2591 tibi
296 2529 367 2610 ipse
382 2536 538 2604 servaret,
561 2534 597 2591 nt
620 2528 828 2592 consciscere
850 2530 983 2592 sibimet
1006 2528 1175 2592 interitum
1202 2530 1310 2605 nollet,

217 2636 250 2693 et
275 2630 413 2712 posset?
459 2629 585 2712 Magno
614 2630 761 2713 quidem,
787 2630 908 2706 fateor,
938 2631 1127 2714 pectoribus
1152 2631 1311 2709 humanis,

218 2741 320 2815 atque
334 2733 419 2797 adeo
434 2734 585 2797 maximo
599 2733 682 2795 luxi
704 2735 821 2813 amori,
844 2733 994 2798 interitus
1018 2733 1145 2798 horrori
1169 2742 1234 2810 est,
1258 2733 1311 2797 sed

250 2925 263 2949 ²
282 2918 342 2973 Qua
358 2933 427 2981 super
443 2933 471 2966 eu
490 2918 637 2967 contentione
656 2917 774 2966 sententio
789 2918 855 2977 ferri
868 2919 959 2980 possit:
975 2918 1023 2968 nisi
1036 2934 1089 2968 cnm
1105 2919 1182 2968 ultera
1200 2934 1257 2979 pore
1272 2908 1314 2965 siti

218 2984 321 3032 ascribat
333 2983 450 3043 sagatum
470 2989 605 3045 tyrannum,
625 2984 702 3032 altero
723 2983 800 3030 uiuum
820 2991 981 3040 reservatam
998 2983 1137 3047 respublica,
1157 2999 1211 3047 quoe
1228 2985 1328 3046 utrique*

219 3050 319 3096 maltum
328 3051 406 3109 dehet,
417 3049 452 3096 ito
463 3048 569 3096 conciliet
582 3054 712 3110 utromque,
724 3052 750 3095 ut
755 3048 877 3107 fatentur,
888 3053 927 3112 &a

251 3121 263 3144 ⁶
279 3114 317 3163 Ac
329 3116 383 3163 uide
394 3114 452 3176 quid
463 3113 580 3176 optaveris
589 3115 699 3162 maxime.
927 3113 937 3145 ⁶
958 3114 1023 3163 Vita.

219 3348 330 3411 Guelplr.
341 3365 392 3397 cum
401 3348 562 3397 tontibus—l
572 3348 620 3397 Sed
634 3349 739 3410 sidicat,
755 3366 798 3412 ego
807 3365 831 3412 p.
842 3349 1005 3410 rnilitumjnei
1016 3349 1077 3398 Vet.
1089 3349 1203 3398 Putean.
1216 3357 1246 3399 et
1257 3350 1316 3400 Exc.

218 3415 364 3464 Solrnnhov.
398 3415 472 3470 Mox,
485 3414 588 3462 Acidal.
601 3415 674 3476 legit,
687 3415 734 3463 istu
744 3431 801 3478 pura
812 3417 922 3476 imputat.
1210 3462 1213 3467 ,

251 3479 386 3528 Camxm.
421 3477 1056 3540 1Acidal.multudinem—2AgendumGuelplr.
1090 3478 1165 3532 Mox,
1185 3479 1315 3529 iueodenr

220 3545 318 3599 codiee,
330 3549 352 3591 et
364 3543 414 3591 acie
432 3543 620 3601 rejeceram-3
635 3545 747 3606 Guelph.
760 3551 786 3592 nt
803 3560 827 3593 ae
844 3545 888 3592 titi
905 3547 1021 3600 cerneret,
1037 3543 1133 3591 omisso
1151 3545 1214 3603 ipse.
1248 3545 1316 3599 Mor,

219 3611 320 3660 Acidal.
333 3606 432 3657 emend.
444 3608 580 3656 interritum
590 3610 659 3656 uellet
669 3624 712 3659 nee
719 3617 806 3672 posset.
831 3609 944 3672 Gnelph.
955 3609 1081 3657 interritus
1092 3609 1178 3657 tenori
1189 3615 1233 3659 est.
1267 3613 1315 3661 Pro

716 3742 823 3792 NOTAE

219 3832 408 3896 prosopopoeia,
430 3831 462 3880 ad
478 3830 618 3881 Theodosii
635 3832 744 3882 virtutes
787 3829 873 3880 biretl

219 3909 406 3973 percurrendos
416 3909 557 3972 aptissima.
819 3917 828 3942 ⁸
843 3909 891 3957 Bis
901 3907 1001 3972 conflixi
1009 3907 1144 3970 cnmlroste]
1158 3906 1201 3956 Ad
1212 3909 1314 3958 Sisciam

250 3993 260 4018 ¹
275 3987 376 4034 Partito
386 4002 437 4034 sum
447 3985 559 4049 militem]
575 3985 583 4014 ‘
593 3985 745 4035 Trifariam’
786 3994 815 4035 et
826 3983 981 4048 Aquileiam.

218 4071 248 4111 nt
259 4077 337 4125 supra
348 4063 423 4126 dixit,
435 4077 491 4125 cup.
504 4067 544 4112 32.
557 4062 615 4112 ‘Ut
628 4070 655 4111 et
667 4063 745 4110 hostis
818 4063 827 4094 i
844 4062 921 4116 Quum
932 4057 1046 4122 fecimus]
1064 4059 1130 4110 Quae
1147 4061 1224 4113 uobis
1241 4060 1313 4112 deber

220 4139 352 4188 arrdaeiam
374 4139 543 4202 multiplicato
566 4146 666 4188 terrore
688 4153 746 4201 per·
787 4139 966 4204 quodcumque
978 4152 1014 4200 es,
1025 4138 1079 4187 nive
1092 4135 1171 4200 quod.

219 4215 338 4282 celleret,
356 4221 383 4266 et
400 4213 488 4280 lugam
506 4213 676 4267 circumfusus
695 4230 747 4264 am·
