2730 4726
206 333 307 400 1504·
448 343 672 394 usuuarrur
696 342 925 395 cassianus
950 341 1062 394 norro

250 491 339 557 Gau.
364 504 407 555 υ.
435 488 468 553 1.
490 488 596 553 Ροπο
608 487 643 552 iu
658 486 867 552 decernendo
883 487 1075 566 consulatu,
1090 487 1231 555 remotis
1245 490 1307 555 uti·

205 595 357 661 litatibus
379 592 459 670 tuis,
474 592 630 656 rationem
652 610 738 655 mem
760 591 868 655 solum
884 590 1245 673 dignitatisbabuisti.
1276 594 1313 659 2.-

206 695 296 761 Nam
312 697 347 760 iu
361 691 709 760 administrationibus
723 692 819 756 labnr
830 693 949 758 bouori
962 692 1171 776 adjungitur,
1182 695 1219 759 iu
1232 713 1311 760 con.

204 799 317 864 sulatu
331 797 440 863 bonos
455 797 525 861 sinc
539 795 655 860 labore
670 796 865 878 suscipitur.
909 794 951 860 ln
966 795 1035 860 illis
1050 795 1085 861 si
1097 796 1240 875 laeteris,
1254 816 1313 862 cm

204 902 296 987 pidae
312 900 502 966 ambitionis
516 916 593 963 esse
607 898 775 977 videaris3
798 898 832 962 in
846 899 910 962 boc
926 899 995 963 nisi
1009 905 1173 983 apertast
1188 919 1323 984 propa..

204 1005 271 1070 lam
286 1003 424 1078 lactaris,
441 1002 590 1084 ingratus
605 1001 665 1066 sis.
708 1000 741 1065 3.
766 1000 848 1066 Huc
862 1000 1007 1078 accedit,
1023 1002 1120 1085 quod¹
1135 1002 1218 1085 ipsa
1236 1003 1313 1080 bac.

204 1108 309 1184 urbs:
333 1115 435 1191 atque
456 1103 522 1169 lucc
544 1102 825 1186 augustissimum,
839 1102 974 1168 consilii
995 1103 1121 1188 publici
1143 1105 1309 1189 templum

204 1209 347 1275 officium
362 1207 460 1293 hujus
475 1206 637 1272 orationis
653 1205 825 1289 efflagitat.
864 1201 955 1272 Haec
970 1206 1044 1283 tibi,
1054 1207 1311 1285 nominis-nori,

204 1313 266 1379 sad
288 1310 534 1395 antiquissimae
555 1308 754 1386 nobilitatis,
778 1307 902 1375 civitas
924 1310 1036 1393 patria
1059 1317 1133 1375 est:
1163 1310 1221 1376 hic
1244 1312 1307 1395 pri-⁸

204 1435 295 1480 mum
317 1414 429 1478 editus
440 1408 470 1477 :¹
486 1411 542 1477 bic
565 1413 664 1495 quasi
687 1410 855 1496 quoddam
871 1411 1019 1478 salutare
1034 1411 1184 1478 humano
1197 1415 1308 1496 generi

204 1518 298 1584 sidus
313 1523 465 1581 exortus.
509 1517 541 1579 4.
564 1514 614 1579 Hi
629 1515 734 1591 cives,
748 1521 782 1580 ot
793 1515 978 1600 populares
990 1515 1040 1581 tui
1055 1516 1159 1581 silere
1174 1536 1230 1582 mc
1242 1537 1308 1583 uon

202 1621 325 1697 sinunt,
337 1638 399 1683 nec
410 1617 594 1702 patiuntur,
607 1624 643 1683 ut
654 1619 833 1703 quisquam
844 1619 930 1684 alius
941 1618 1223 1703 auspicatissimo
1234 1619 1308 1708 dict

203 1720 295 1806 apud
318 1727 365 1799 ta,
381 1739 422 1785 ac
443 1720 485 1784 dc
509 1726 543 1785 tc
565 1719 728 1805 loquendi
750 1740 872 1786 munus
894 1728 1046 1805 usurpet,
1061 1740 1167 1804 quam
1190 1722 1234 1801 is,
1249 1724 1306 1807 qui

148 1848 151 1853 ·
202 1822 412 1908 amplissimo
438 1825 482 1888 sit
507 1823 672 1907 praeditus
697 1822 906 1907 magistratu.
959 1824 992 1888 5.
1015 1823 1158 1902 Putant,
1179 1825 1309 1910 aliquid

202 1925 349 2009 adjicere
370 1925 414 1990 ad
435 1924 652 2010 splendorum
673 1924 812 1990 laudum
834 1930 967 1991 tuarum
990 1925 1140 1990 consulis
1164 1945 1306 2002 nomeur

201 2039 236 2093 et
259 2035 349 2094 recte
371 2033 500 2113 putant.
544 2027 712 2110 Adjicitur
731 2027 821 2092 enim
840 2027 981 2093 laudum
1002 2026 1160 2111 dignitati
1181 2028 1305 2096 honore

201 2131 382 2196 laudantis.
426 2131 456 2196 6.
480 2129 535 2197 Ac
557 2131 650 2210 licet,
672 2131 819 2196 maxime
839 2130 1039 2214 Imperator,
1057 2130 1200 2214 publico
1217 2132 1306 2218 judi·

202 2235 258 2299 cio
275 2240 309 2299 ct
329 2234 461 2297 nomino
484 2253 582 2317 agere
604 2233 667 2298 tibi
689 2235 815 2317 gratias
838 2232 990 2310 debeam,
1005 2235 1119 2299 tamen
1141 2233 1213 2312 illa,
1228 2256 1304 2319 quae

202 2355 264 2418 pro
278 2355 410 2400 summa
421 2355 456 2399 re
468 2335 569 2408 domi,
579 2335 732 2419 lorisque
740 2337 886 2421 gessisti,
898 2354 1038 2400 nuncex
1047 2340 1144 2421 parte
1156 2341 1305 2405 maxima

202 2438 460 2522 praetermittam,
480 2445 520 2502 ut
540 2458 639 2522 quam
665 2437 791 2523 ocyus*¹
815 2439 859 2504 ad
881 2458 932 2518 ea,
952 2457 1030 2535 quaa
1054 2439 1196 2523 propria
1216 2447 1303 2520 sunt,

201 2541 372 2627 perveniat
386 2541 505 2606 oratio.

660 2675 842 2700 &mannen

234 2788 303 2840 Csn.
313 2802 343 2837 11.
373 2789 488 2839 1Verba
504 2807 520 2839 a
535 2791 632 2840 remotis
651 2790 683 2840 ad
703 2791 775 2841 boam
793 2792 888 2842 dcauut
906 2792 933 2843 iu
953 2793 1067 2858 Guelpb.
1094 2795 1172 2845 solum
1189 2798 1305 2849 utilitatis

201 2855 308 2905 Puteol.
320 2855 436 2905 Rhenan.
448 2857 540 2918 steph.
554 2856 638 2905 Lirin.
651 2857 737 2906 Rivin.
758 2858 833 2906 solum
848 2859 977 2920 diguitatir
988 2861 1048 2909 vet.
1061 2859 1178 2911 Putean.
1190 2864 1251 2914 Ver.
1264 2865 1304 2914 Li·

201 2919 254 2969 viu.
267 2920 370 2970 Bertin·
380 2922 445 2970 Exc.
463 2921 607 2972 Sebonhov.
620 2923 727 2985 cuspin.
739 2922 817 2972 Grut.
830 2931 858 2973 et
873 2930 1035 2974 recensa-2
1047 2925 1102 2975 Pro
1113 2925 1192 2984 tabor,
1205 2928 1303 2979 Bartiu.

95 3006 98 3011 ·
200 2985 280 3033 habet
298 2984 418 3036 lobon-tt
431 2986 545 3050 Gualpb.
557 2988 610 3050 ipsu
628 2988 693 3049 urba,
704 2989 799 3037 omisso
815 2986 873 3037 bac.
906 2987 980 3047 Mox,
994 2990 1131 3056 efflagitant
1141 3006 1234 3042 omues
1244 2994 1303 3045 cdd.

200 3058 261 3098 ante
273 3048 364 3101 Aratu.
375 3051 417 3114 qui
430 3067 445 3100 e
456 3051 515 3101 cod.
534 3051 648 3115 Guelpb.
660 3053 723 3103 lect.
741 3061 856 3102 nostram
875 3055 999 3105 restituit.
1022 3061 1058 3104 est
1073 3056 1159 3119 patria
1170 3057 1232 3107 edd.
1242 3068 1305 3123 autc¹

200 3115 292 3164 Arntz.
318 3116 398 3180 patrio
408 3123 444 3165 est
456 3116 570 3178 Guelpb.
582 3118 644 3166 vet.
663 3118 774 3167 Putean.
787 3118 849 3168 Vct.
861 3119 946 3170 Lirin.
958 3120 1060 3170 Bertiu.
1072 3120 1189 3184 Guelpb.
1222 3123 1304 3174 Paulo

201 3188 262 3245 post
275 3180 359 3230 Lirin.
371 3182 438 3245 conj.
449 3187 546 3243 exortus
563 3187 646 3233 es.-4
657 3183 761 3234 Puteal.
772 3189 799 3233 ut
810 3185 906 3249 quisque
916 3187 1037 3235 aliua-5
1050 3185 1169 3237 Patarol.
1181 3183 1306 3248 Auitum

200 3246 263 3296 mim
272 3246 288 3292 i.
300 3247 325 3294 d.
336 3248 410 3296 bonor
420 3248 542 3297 laudantis
548 3263 559 3305 ,·
576 3248 610 3297 cl.
622 3263 664 3311 ap·
681 3247 785 3299 Actual.
796 3249 887 3310 Adjicit
898 3251 961 3300 euim
970 3253 989 3301 l.
1005 3251 1031 3301 d.
1044 3251 1119 3301 burrus
1136 3253 1303 3304 mmmcm-

200 3311 261 3360 ost
272 3311 335 3370 licet,
345 3312 448 3360 maxime
465 3313 609 3376 Imperator,
623 3313 710 3364 deleto
722 3322 859 3370 commata,
872 3317 955 3365 Banu.
978 3330 1041 3364 usuc
1058 3322 1083 3366 et
1098 3323 1169 3380 purte
1188 3317 1301 3382 Guelpb.

199 3379 286 3439 quanto
294 3377 368 3425 totius
377 3377 481 3426 Putaui.
490 3379 575 3429 Lirin.
592 3384 679 3443 quarto
689 3396 759 3444 oopus
770 3381 877 3443 Cuspin.
885 3388 914 3431 et
924 3383 958 3432 P.
966 3380 1056 3446 Steplr·
1072 3384 1303 3446 marmaritim

94 3425 102 3439 ⁸
200 3448 228 3491 et
238 3440 275 3490 H.
286 3441 377 3503 Stepb.
394 3457 463 3505 quam
474 3459 545 3508 ocyus
556 3444 618 3494 Vct.
631 3444 744 3494 Putcau.
755 3445 869 3509 Guelpb.

698 3582 805 3634 NOTAE

200 3685 268 3735 torio
287 3686 403 3740 Orientis
422 3689 564 3754 praefectus
586 3692 729 3743 dicebatur.
770 3706 803 3740 uo
816 3692 911 3743 Christi
923 3697 980 3744 tal.
999 3698 1092 3744 octavo
1109 3693 1176 3744 Idus
1188 3695 1301 3746 Nurum·

110 3784 115 3798 ·
199 3763 731 3834 Mamertinumprafecttrmproetoriuper
769 3769 839 3820 brer.

198 3837 331 3901 Illyricum
338 3841 419 3894 fuisse
427 3844 463 3893 ait
472 3843 620 3894 Ammianus
630 3846 647 3894 Ι.
657 3859 731 3898 xxrr.
801 3854 815 3890 ε
830 3845 1028 3912 despicatissimo
1038 3847 1088 3910 die]
1101 3847 1164 3898 Kal.
1174 3846 1299 3904 ianuarii.

228 3921 240 3948 ⁴
261 3916 324 3966 Hac
334 3918 403 3983 urbs]
416 3921 651 3985 Constantinopolis
661 3935 728 3971 novo
770 3923 864 3988 quibus
883 3924 1057 3974 Mamertinus
1069 3938 1120 3974 una
1132 3938 1193 3974 curu
1205 3922 1300 3979 Navita

198 3991 302 4040 nomine
318 3997 458 4061 appellata,
475 4013 533 4063 qum
551 3998 611 4047 olim
627 3998 728 4063 Byzan·
770 4001 872 4063 collega
883 4001 1045 4052 consulatum
1058 4001 1251 4064 auspicabatur.

199 4070 262 4118 tium
273 4071 421 4126 dicebatur.
801 4076 910 4136 thm
930 4095 1001 4144 orpus
1027 4076 1201 4143 [ommocpua]
1225 4077 1299 4129 Citis·

232 4144 307 4197 ‘Hic
320 4151 423 4212 primam
435 4153 524 4218 editus]
541 4152 661 4205 Julianus
671 4153 726 4203 Au·
768 4154 842 4206 rime.

200 4229 292 4285 gustus
303 4225 528 4294 Constantinopoli
544 4236 671 4280 natusest
683 4243 726 4280 an·
