2730 4726
217 320 304 387 lodo
565 363 568 371 .
619 327 750 378 aarum
776 329 914 382 rscsrr

218 486 407 565 postremas
421 475 597 557 excedere,
611 476 684 541 dux
697 476 838 542 consilio
853 495 942 556 esse,
956 475 1055 542 miles
1068 476 1231 561 exemplo
1241 480 1310 566 ed„

218 590 264 647 nt·
273 580 345 665 jem
369 587 441 645 tum
464 587 582 662 posset
604 578 758 662 intelligi,
774 580 859 644 alios
879 579 1077 663 Imperatori
1092 590 1311 664 :pugnarem

218 685 290 750 tibi.
318 681 424 747 *illud
450 688 562 746 temen
587 701 658 765 prae
684 681 805 746 ceteris
827 682 957 760 mirum,
983 682 1072 767 qnod
1099 703 1177 747 cnm
1202 685 1310 750 omnis

217 786 358 862 iaceres,
373 789 410 849 nt
429 784 593 868 imperare
614 783 772 865 deberes3
793 785 873 850 nihil
891 791 1000 851 tamen
1017 785 1181 864 faciebas,
1195 798 1232 853 ut
1252 788 1311 855 im·

217 907 364 974 perores.
1180 944 1183 951 .

262 990 352 1057 Car.
376 1006 433 1054 xr.
469 989 502 1053 1.
523 988 732 1071 Argumenta
760 997 814 1055 est
839 990 911 1055 dies
937 990 994 1054 ille
1020 991 1211 1056 commanis
1236 992 1314 1058 boni

218 1102 349 1172 auctor,
363 1113 431 1178 qao
453 1099 501 1174 tn,
521 1112 597 1158 cnm
619 1092 664 1158 ad
688 1093 934 1177 suscipiendam
955 1093 1195 1176 rempublicam
1218 1113 1315 1160 voca·

217 1199 320 1277 buris,
333 1197 484 1262 oblatum
504 1197 677 1280 imperinm
693 1195 887 1280 deprecatus
902 1214 957 1262 es:
979 1213 1042 1259 nec
1055 1194 1092 1259 id
1106 1194 1152 1259 ed
1167 1196 1320 1279 speciem·

219 1307 357 1376 tantam,
371 1307 409 1365 at
428 1301 506 1382 cogi
524 1301 701 1382 videreris3
722 1298 781 1363 sed
803 1298 940 1375 obnixe,
954 1305 990 1362 et
1011 1296 1081 1377 dia,
1095 1307 1130 1364 et
1144 1298 1244 1364 velat
1255 1300 1315 1364 im·

217 1409 404 1486 petreiums
425 1403 542 1486 egisti:
565 1403 693 1488 quippe
716 1392 832 1466 aberet
854 1419 956 1465 causa
980 1399 1137 1482 fingendi.
1181 1403 1218 1466 2.-
1236 1401 1314 1468 Non

218 1507 306 1569 enim
328 1513 363 1570 te
384 1505 551 1588 Princeps
573 1507 665 1570 solus
684 1513 719 1569 et
733 1504 837 1583 domi,
850 1509 886 1568 et
899 1509 1058 1587 tanquam
1074 1509 1232 1580 tentaret,
1246 1525 1313 1570 am·

191 1693 192 1698 ἵ
217 1608 329 1673 bibet:
351 1607 409 1671 sed
432 1607 578 1691 publice,
591 1611 624 1671 et
645 1607 679 1670 in
700 1607 862 1684 comitio,⁸
881 1613 917 1671 et
936 1613 975 1672 ut
997 1604 1089 1671 aliud
1103 1607 1180 1691 jam
1203 1606 1313 1673 iecere

216 1729 285 1775 non
306 1715 421 1792 posset
434 1730 442 1771 :
464 1729 597 1795 prorsus
616 1716 665 1789 nt,
680 1710 747 1774 nisi
765 1709 941 1793 imperium
956 1709 1078 1773 affectu
1093 1709 1246 1792 simplici
1258 1730 1313 1774 no·

216 1814 350 1892 luisses,
370 1815 517 1897 potueris
539 1813 625 1878 velle
650 1824 809 1878 securus.r
848 1813 885 1877 3.
907 1812 1124 1895 Expostulari
1148 1812 1216 1879 hoc
1239 1813 1312 1879 loco

217 1920 328 1981 tecum
350 1917 545 2001 reipublicm
565 1916 677 1982 verbis
700 1934 840 1981 necesse
854 1922 917 1993 est,
933 1935 1011 1999 quse
1025 1916 1059 1979 in
1074 1935 1241 1980 summam
1257 1923 1313 1980 tus

217 2022 432 2084 cunctatione
450 2018 654 2085 formidinem
674 2018 821 2086 amedia
834 2039 895 2103 spe
909 2019 1055 2101 relapsa,
1071 2017 1136 2083 tali
1152 2017 1271 2103 alique
1282 2027 1313 2083 tc

217 2122 380 2204 proiecto,
395 2122 454 2186 sed
469 2141 569 2206 qnam
584 2123 679 2186 solus
694 2119 838 2197 endireS,
852 2139 937 2185 voce
953 2119 1109 2186 convenit
1118 2130 1149 2186 r?
1175 2122 1207 2184 4.
1225 2128 1237 2161 r
1252 2121 1314 2186 l’a·

188 2279 192 2286 .
217 2243 332 2290 rumne
347 2245 412 2301 me,
426 2224 610 2302 Theodosi,
622 2224 782 2289 hactenus
798 2221 955 2288 distulere
968 2224 1051 2299 ista,
1067 2227 1107 2289 ut
1118 2229 1158 2288 tu
1179 2223 1314 2308 insuper

217 2332 328 2390 tentes
352 2344 463 2388 moras
485 2344 605 2406 engere
625 2323 793 2388 fetorumi
836 2325 890 2388 Aa
910 2325 1034 2402 nescis,
1046 2343 1116 2389 rem
1139 2332 1235 2391 tuem
1254 2345 1313 2409 per

218 2435 381 2492 momenta
397 2427 574 2492 consumii
620 2426 744 2495 Nescis
760 2447 812 2493 me
829 2429 902 2506 tibi,
918 2425 1076 2513 tuisque¹²
1098 2428 1311 2496 decresceret

218 2530 381 2615 quicquid
396 2531 509 2596 atterit
523 2527 678 2608 Gothus)
691 2529 852 2614 quicquid
867 2531 955 2615 rapit
968 2529 1138 2611 Hunnus,³'
1153 2531 1312 2618 quicquid

222 2781 228 2793 ι
249 2724 262 2749 r
281 2717 316 2766 Ut
332 2716 381 2793 uisi
396 2714 574 2778 imperatoriam
590 2713 733 2776 dignitatem
747 2719 837 2766 verset
853 2730 885 2765 ec·
894 2715 974 2767 asima
987 2730 1127 2775 recusasset,
1145 2717 1254 2782 patueris
1264 2721 1311 2767 tuto

218 2782 522 2908 dlimTZ'iiffelrzmmadi
531 2844 618 2903 catu,
629 2846 671 2894 red
681 2860 735 2910 qao
741 2845 806 2895 scius
816 2845 939 2911 audivisti,
949 2847 1104 2912 compellauit.

676 2971 862 2995 omnmo

216 3057 303 3118 firmat
314 3062 366 3110 uei.
376 3056 434 3108 cad.
445 3055 601 3107 Piraei-r
619 3054 732 3121 Guelph'.
741 3057 825 3120 utiam
835 3065 936 3109 tastum.

216 3173 219 3180 Ι
252 3125 319 3174 Cur.
331 3137 371 3174 xr.
397 3126 410 3171 1
429 3123 497 3174 Edd.
513 3129 577 3171 vett.
588 3123 821 3186 uecdausspeciem;
833 3126 865 3174 sl.
881 3130 944 3173 vett.
955 3122 1073 3175 seridad
1082 3123 1202 3187 specimen
1212 3129 1312 3182 tautum·

218 3204 262 3252 que
273 3195 308 3250 ut,
326 3190 365 3250 ire.
377 3187 492 3253 Guelplr.
507 3188 595 3248 etiarn,
612 3192 755 3252 tantumque.
783 3190 842 3238 Vei.
854 3189 937 3240 Livio.
948 3205 990 3240 uec
1004 3189 1056 3237 idas
1071 3189 1190 3252 speciem
1209 3191 1259 3240 Cos
1276 3189 1312 3248 iu.

217 3269 247 3302 se
256 3256 346 3303 dedisse
355 3254 471 3316 speciem
489 3254 547 3302 Vst.
558 3252 664 3318 speciem.
691 3252 791 3303 Acidsl.
805 3255 872 3318 conj.
881 3257 1066 3318 deprecatrices:
1080 3256 1199 3304 recidis
1208 3204 1313 3320 specim,

218 3324 310 3367 tautum
327 3323 353 3366 at
369 3319 423 3378 cogi
439 3319 563 3380 videreris,
578 3319 620 3367 sed
636 3317 721 3367 obuiae
738 3325 762 3367 et
778 3319 829 3376 diu,
845 3324 868 3367 et
879 3323 944 3368 reiut
955 3321 1122 3382 impetraturus
1133 3319 1216 3381 egisti.
1249 3318 1313 3370 eod.

219 3381 313 3431 Scireff.
324 3383 412 3438 haber,
423 3399 465 3432 nec
476 3386 536 3433 dans
551 3382 659 3446 speciem,
671 3389 808 3445 tantumque
818 3389 845 3432 ut
854 3385 909 3446 cogi
918 3385 1051 3442 videreris3
1068 3385 1161 3434 Barth·
1177 3386 1210 3435 sd
1224 3385 1312 3435 craso.

217 3449 297 3497 Cone.
314 3447 414 3497 Honor.
431 3461 470 3498 rr.
488 3453 530 3497 ⁴8.
540 3463 583 3497 ser
593 3463 656 3510 spem
671 3450 740 3504 dass,
750 3454 887 3511 iustumque
897 3456 925 3499 at
934 3451 997 3510 cogi,
1007 3453 1098 3512 dra-2
1116 3455 1123 3477 ⁶
1136 3450 1192 3500 Pro
1202 3452 1312 3511 credibat,

218 3515 284 3564 male
302 3513 413 3575 Gaelph.
431 3512 519 3568 adibat,
535 3514 602 3574 quod
620 3510 689 3561 sorte
701 3516 783 3564 veteri
794 3529 865 3564 mere
877 3529 924 3577 pro
938 3514 1072 3564 amiuma’
1086 3513 1182 3566 Arois.
1207 3515 1313 3568 mirum

218 3580 279 3632 edd.
288 3587 352 3629 vett.
377 3577 491 3628 reienses
502 3578 562 3627 Vct.
574 3578 685 3627 Puteaa.
718 3578 771 3628 Pro
782 3581 849 3637 celle,
861 3581 894 3630 al.
904 3581 974 3630 sold.
1001 3581 1008 3608 ‘
1019 3580 1106 3630 Male:
1126 3588 1157 3631 tu
1169 3590 1243 3632 mura
1252 3581 1312 3632 illud

217 3645 290 3709 prius
312 3643 451 3693 uoluisses:
472 3643 508 3693 ita
535 3643 671 3691 sententias
700 3657 807 3693 acumen
834 3644 955 3695 constat!
980 3643 1124 3695 scidas-s
1156 3644 1312 3711 Expertum

219 3709 332 3773 Guelph.
366 3709 439 3764 Mox,
452 3709 477 3757 ia
489 3706 580 3758 eodem
592 3707 877 3768 codicesormidiae.-d
893 3712 900 3739 ‘
914 3711 981 3760 Haeo
999 3710 1087 3774 verbs,
1104 3710 1220 3778 quiequid
1231 3715 1313 3762 atterit

218 3777 322 3833 Gallias,
333 3776 399 3824 mele
410 3776 502 3824 omissa
518 3782 577 3824 sunt
589 3790 604 3824 a
614 3773 763 3826 Belduinoss
777 3777 858 3826 daret.
883 3776 948 3840 rapit
959 3777 1073 3825 damasus
1084 3775 1200 3842 Gnelplr·
1222 3777 1312 3828 idalius

710 3903 819 3956 NOTAE

217 4000 385 4051 exstruendo.
782 4002 944 4055 veniebatur.

251 4086 265 4122 s
289 4079 320 4126 irs
340 4077 447 4144 comitio]
475 4076 613 4130 comitiam
635 4077 678 4127 vel
699 4091 749 4142 pro
813 4076 958 4142 ¹¹d'ur'sqas]
975 4075 1086 4126 Liberis.

220 4166 341 4203 consessu
359 4154 415 4217 ipso
432 4155 550 4219 sumitur,
570 4155 616 4224 uel
629 4168 676 4218 pro
689 4154 748 4205 loco
813 4154 821 4192 ¹
839 4153 950 4218 Gallius]
963 4154 1042 4205 Gotlrl
1053 4153 1142 4218 populi
1156 4169 1191 4204 ex
1206 4154 1311 4206 sessui

216 4228 246 4278 in
257 4244 307 4295 quo
320 4229 351 4280 ed
363 4230 496 4296 eligendos
511 4231 675 4297 magistratus
687 4245 748 4284 con·
781 4231 1011 4291 aeduoriundida
1019 4231 1152 4297 Scythiam
1160 4233 1222 4286 lade
1231 4241 1309 4286 usus·
