2730 4726
492 331 733 383 utxrumno.
772 332 828 381 ιιι.
850 316 885 383 8.
1149 319 1232 393 1211

175 488 271 554 Gsr.
296 500 382 549 vnrr.
412 482 444 547 l.
468 481 553 547 lude
573 480 675 563 igitur
692 481 845 565 proxime
859 481 919 549 illa
933 481 1146 566 impatientia
1158 505 1236 550 res·

139 599 191 657 tre
207 589 351 674 pietatis
365 584 497 669 erupit,⁸
516 584 606 669 qnod
624 603 687 648 vos
700 583 795 654 nulla
808 585 983 667 regionum
996 585 1234 670 longinquitas,

135 692 224 759 nulla
243 688 407 774 iniquitas
427 689 588 764 lucorum,
604 688 696 755 nulla
715 691 925 772 tempestatis
946 685 1135 772 asperitasd
1156 693 1234 756 reti·

134 815 212 861 nere
237 799 300 859 aut
321 792 444 857 morari
469 793 591 874 potuit,
607 813 675 876 qno
696 792 870 859 minusad
892 800 1110 877 conspectum
1131 796 1234 861 vestri

133 895 367 982 pervolaretis.
410 894 444 958 2.
467 892 589 978 Neque
605 897 694 961 enim
708 895 792 960 illud
809 897 1000 978 progressio
1014 896 1090 972 suit,
1105 915 1165 961 uec
1181 897 1233 962 iti-

132 1019 248 1067 nerum
274 996 451 1076 confectio,
473 1016 535 1061 uec
560 997 672 1078 solitis
698 998 912 1082 adminiculis
938 1018 1001 1063 nsa
1028 1000 1233 1081 properatio.

132 1100 162 1167 3.
178 1099 275 1180 Quid
291 1101 433 1166 stimulis
448 1100 600 1167 concitus
614 1109 751 1184 equus,⁸
766 1107 824 1166 aut
839 1101 984 1167 velivolo
1000 1100 1134 1166 navisl⁶
1170 1101 1234 1166 Di·

163 1285 175 1319 ὃ
192 1286 263 1335 Hire
274 1300 332 1347 ergo
340 1299 415 1350 super
422 1300 526 1350 preceps
536 1285 576 1335 iile
586 1287 658 1335 ardor
667 1284 744 1336 mutui
754 1285 841 1334 umoris
850 1285 926 1336 uestri
936 1286 1022 1349 erupit.

161 1359 172 1383 ³
190 1353 245 1402 Nee
259 1352 291 1400 od
309 1353 480 1414 properandum
496 1351 640 1400 adhibuistis
655 1353 727 1402 solitu
743 1351 893 1403 adminiculo.
930 1352 992 1408 Quis
1011 1367 1091 1416 equus,
1109 1357 1150 1402 sut
1167 1354 1234 1403 nome

135 1417 193 1467 setis
203 1418 325 1468 instruas
335 1417 410 1468 dudd
418 1414 647 1476 eeleritatefertur?

593 1546 775 1570 θΜΟΝΟΝΟΙ

133 1637 164 1686 V.
175 1639 213 1688 D.
226 1637 252 1687 iu
265 1637 390 1689 Biblioth.
402 1639 468 1689 Crit.
486 1643 550 1689 tom.
564 1652 596 1688 rr.
608 1643 675 1701 part.
688 1641 712 1688 1.
723 1652 749 1702 p.
762 1643 803 1687 so.
836 1639 880 1688 De
891 1639 964 1702 Rouy
976 1638 1063 1702 Spieil.
1074 1638 1141 1689 crit.
1153 1652 1181 1702 p.
1191 1643 1233 1689 49.

132 1701 173 1817 Siq
193 1718 236 1753 uos
251 1705 430 1764 estisjuuiores
447 1705 522 1770 umbo,
540 1705 606 1754 umbo
621 1704 734 1754 seniores.
766 1705 891 1770 Denique
909 1706 1037 1755 Schwara.
1049 1706 1118 1770 conj.
1135 1709 1233 1769 uterque

133 1773 183 1819 tut
226 1784 247 1818 o.

161 1772 233 1884 C'sg.
244 1846 309 1889 vsu.
327 1834 358 1883 l‘
370 1832 507 1886 Quondam
516 1833 558 1883 tric
570 1834 640 1884 locus
653 1835 727 1884 valde
738 1842 876 1898 corruptus
888 1833 947 1884 init.
965 1833 996 1884 In
1008 1834 1064 1897 ipso
1076 1833 1166 1885 codice
1175 1848 1233 1882 nos·

132 1902 172 1948 tro
182 1900 223 1949 sic
233 1900 341 1963 legitur,
349 1899 390 1949 ille
399 1901 427 1949 is
435 1900 564 1963 prasentia
573 1905 660 1949 uestra
669 1900 768 1964 pietatis
779 1901 865 1964 erupit.
898 1900 982 1952 Quam
1001 1900 1138 1949 lectionem
1153 1900 1232 1948 etiam

131 1962 234 2014 Gudlns
245 1979 278 2014 ex
296 1965 347 2014 ulio
358 1965 449 2014 codice
465 1966 608 2016 annotarit.
641 1965 809 2022 Puteolanus,
828 1965 975 2028 Rhenanus,
994 1965 1103 2020 Novius,
1120 1963 1157 2014 Η.
1173 1964 1233 2014 Ste-

130 2031 238 2144 qqrsnns,
259 2030 400 2093 Liuineius,
417 2030 524 2080 Risimus
543 2032 641 2081 habeut
659 2031 701 2081 ille
718 2031 891 2094 impatientium
907 2036 993 2080 uestra
1016 2030 1114 2093 pietatis
1133 2029 1231 2092 impu.

161 2096 228 2145 elius
239 2096 421 2159 cuspinianus,
441 2094 576 2155 Gruterus,
595 2106 624 2146 et
639 2097 809 2156 recentiores,
824 2097 866 2144 illo
880 2095 1031 2159 impatientia
1041 2101 1127 2145 nestra
1136 2094 1234 2157 pietatis

130 2160 229 2224 irrupit.
262 2160 403 2213 Maluiruua
416 2169 501 2210 tannen
512 2177 559 2225 pro
571 2163 651 2212 verbo
661 2160 758 2224 irrupit,
770 2175 896 2224 reponere
905 2161 1002 2223 erupit,·
1013 2174 1069 2209 cnm
1079 2161 1128 2209 lsoc
1139 2161 1165 2208 iu
1174 2174 1233 2210 nos·

132 2232 171 2275 tro
191 2225 293 2282 codice,
311 2232 337 2276 et
355 2234 465 2290 utruque
484 2227 563 2276 Gudii
581 2229 660 2288 libro,
676 2223 905 2288 deprehendatur!
922 2226 1045 2274 Setworz.
1076 2226 1232 2275 ‘Puteolani

132 2291 288 2355 scripturam
307 2306 407 2355 quoque
427 2292 501 2342 dedit
518 2293 551 2341 P.
567 2291 657 2355 Steplr.
684 2292 869 2355 crispinianum
888 2292 969 2340 secuti
987 2300 1046 2341 sunt
1063 2291 1193 2342 Gruterus
1205 2298 1233 2341 et

132 2357 234 2420 reliqui,
246 2372 328 2421 usqua
339 2356 400 2406 dum
412 2356 438 2405 in
455 2355 534 2407 uerbo
545 2358 622 2420 erupit
634 2357 740 2406 meliora
750 2357 824 2406 dedit
835 2357 965 2407 Schwara.
976 2364 1003 2405 et
1013 2355 1110 2419 disper.
1123 2370 1230 2422 qnorum

131 2422 244 2484 uestigia
265 2423 355 2483 pressi,
375 2424 530 2484 prasertim,
547 2425 607 2485 quia
624 2423 690 2473 Exc.
706 2423 780 2471 Voss.
792 2422 964 2478 consentiunt,
977 2430 1150 2486 preterquam
1162 2421 1231 2486 quod

131 2486 219 2550 irrupit
230 2487 370 2543 retineant,
378 2496 404 2535 et
413 2488 548 2549 scripturae
559 2488 749 2550 compendium,
759 2487 827 2552 qnod
836 2502 868 2536 ex
878 2487 1127 2549 Guelplr.euntntum
1139 2488 1232 2550 lrabso,

131 2552 223 2601 eodem
235 2551 336 2601 tendat.
357 2550 499 2606 Diviualret
511 2551 639 2612 Eldilrius,
648 2552 747 2614 pietatis
757 2553 844 2615 elusit,
855 2552 899 2600 sed
913 2552 945 2601 ob
959 2550 1035 2600 codd.
1048 2552 1232 2604 alletoritatem

131 2616 334 2680 apudSchrrsra.
342 2616 458 2680 adeoque
468 2617 545 2665 etiarn
552 2615 665 2679 Gnelplr.
672 2618 837 2679 magieerupit
845 2619 939 2679 placet,
948 2624 975 2666 ut
984 2616 991 2642 ‘
1001 2614 1103 2666 divinus
1110 2615 1233 2680 impetns'

131 2682 302 2746 exprimatur,
314 2697 391 2744 quern
402 2696 429 2730 n.
438 2684 462 2731 t.
473 2691 606 2739 memorat,
617 2689 645 2731 et
655 2680 792 2730 confirmat
804 2682 865 2730 Vet.
876 2697 917 2743 ap.
925 2679 1045 2730 Puteum'
1055 2682 1143 2732 Arate.
1166 2681 1232 2733 Ver·

131 2746 164 2799 ba
183 2751 227 2797 sut
244 2747 334 2796 ssoruri
349 2745 444 2795 desunt
463 2747 488 2795 in
500 2746 562 2795 Vet.
582 2747 664 2797 Lirin·
697 2747 770 2809 Mox,
784 2745 941 2809 mensuratis
960 2746 1018 2795 cod.
1039 2746 1109 2796 Gnd.
1128 2753 1154 2795 et
1168 2747 1231 2798 Vet.

130 2812 295 2865 Puteum-a
306 2810 373 2860 Edd.
381 2811 573 2861 sntedrntseu.
583 2827 625 2861 nee
635 2812 730 2860 itineris
736 2828 747 2869 ,·
759 2810 835 2859 codd.
847 2811 1106 2866 Schwarzmudiaui.
1118 2811 1232 2875 (incipit.

131 2884 159 2929 et
179 2878 246 2929 Eue.
263 2877 338 2927 Voss.
356 2892 400 2926 uec
417 2876 587 2929 iuuenum-s
605 2877 675 2927 ‘Hic
691 2876 761 2926 locus
780 2876 844 2924 mire
862 2877 1021 2936 depravatus
1037 2875 1120 2925 adhuc
1136 2876 1232 2940 jacuit,

131 2943 303 2999 Puteolanus,
315 2943 495 3004 Cuspiuinnns,
508 2942 544 2991 H.
555 2941 703 3005 Stephanus
720 2939 864 2997 ediderant,
881 2941 951 2997 Quod
961 2938 1035 2990 simili
1046 2941 1139 2990 eoseitu
1154 2957 1233 3006 eques.

130 3008 257 3059 vitiosius
270 3008 379 3064 Navius,
392 3008 460 3064 Quod
476 3007 550 3057 simili
560 3013 660 3057 coueutu
671 3021 748 3070 eques.
781 3003 915 3056 Acidaliae
929 3015 955 3053 et
974 3007 1015 3055 alii
1032 3005 1136 3070 quidam
1158 3016 1231 3071 pinta·

129 3083 192 3125 runt
202 3072 353 3136 legendum,
371 3087 416 3136 quo
432 3073 506 3122 simili
521 3073 615 3123 comis
631 3086 707 3136 eques.
740 3072 855 3124 Jacobus
871 3071 911 3122 De
929 3071 954 3120 lu
970 3071 1061 3122 Banna
1074 3081 1101 3124 et
1116 3073 1232 3127 Patarol.

129 3142 214 3191 menti
223 3138 399 3201 conjecturam
413 3138 499 3189 Caroli
512 3138 613 3201 Laugii,
623 3138 730 3199 dedere,
744 3139 806 3195 Quis
816 3138 890 3189 simili
898 3139 990 3188 saneim
998 3153 1075 3202 eques.
1094 3138 1231 3204 cellarius,

131 3205 198 3261 Quis
207 3204 283 3254 mili
292 3204 387 3253 emeitu
397 3217 472 3269 eques.
505 3204 602 3254 Noster
613 3204 699 3254 codex
715 3205 769 3253 siue
781 3203 945 3266 compendio,
965 3203 1030 3259 Quid
1040 3205 1114 3253 simili
1124 3206 1232 3255 couritur

128 3285 207 3334 eques,
217 3275 261 3319 out
272 3269 370 3318 velivolo
380 3266 470 3320 usnisl
503 3268 601 3318 Eadem
619 3268 698 3318 verba
718 3267 820 3318 Gudius
837 3283 869 3317 ex
884 3269 934 3317 ulio
945 3268 1097 3318 codicellis.
1108 3271 1231 3333 ascripsit

129 3336 207 3386 alteri
220 3335 297 3384 libro.
332 3333 416 3384 Etiam
429 3332 559 3384 Livineius
569 3349 680 3399 proquo,
692 3335 732 3383 vel
744 3335 815 3397 quod,
824 3333 865 3384 vel
875 3334 934 3396 quis,
946 3346 977 3380 ex
988 3347 1033 3383 suo
1042 3344 1131 3399 vetere
1139 3336 1230 3387 codice

129 3401 268 3453 mactavit
283 3398 350 3463 quid.
383 3399 442 3448 Una
459 3412 521 3460 ergo
537 3398 661 3449 literulai
677 3400 704 3448 in
716 3415 729 3450 e
740 3405 850 3460 mutata,
866 3413 912 3462 pro
928 3397 1012 3461 simili,
1028 3401 1083 3449 ausi
1102 3414 1230 3464 reponere

127 3467 217 3528 sinite,
235 3466 382 3528 genuinam,
399 3479 430 3513 sc
446 3472 517 3514 certe
534 3472 720 3527 congruentem
736 3465 873 3513 lectionem
892 3463 1049 3514 reddidimus
1064 3465 1230 3526 Mamertion,

128 3541 208 3595 prout
226 3532 292 3581 hauc
307 3530 446 3579 lectionem
465 3529 543 3579 etiarn
563 3531 680 3580 Grutero
695 3531 719 3579 in
737 3538 849 3579 mentem
868 3530 969 3579 senisse
985 3531 1231 3585 animadvertimus.’

128 3597 252 3647 muesz.
286 3595 387 3645 ‘Etiam
400 3594 517 3644 Rhenum.
529 3595 604 3644 Paul.
615 3595 705 3659 Steplr.
715 3602 741 3644 et
754 3595 840 3644 Ririn.
853 3595 1000 3656 ediderunt,
1012 3597 1081 3652 Quod
1090 3598 1164 3648 simili
1174 3613 1229 3647 con·

127 3663 180 3712 citu
189 3676 268 3725 eques.
287 3661 383 3709 Locum
396 3661 522 3723 expressi,
531 3668 704 3725 utcorrnptus
715 3662 741 3711 iu
755 3661 812 3711 cod.
825 3660 938 3722 Gnelph.
951 3671 977 3709 et
989 3663 1055 3711 Euc.
1066 3662 1144 3713 Voss.
1155 3672 1228 3712 exta·

126 3727 172 3779 lust
183 3743 191 3791 q
205 3726 345 3777 Schwarsii
357 3726 525 3789 conjectura,
533 3725 598 3782 Quid
604 3727 680 3787 simile
690 3726 795 3776 euredus
805 3741 883 3792 eques,
894 3727 919 3775 in
931 3735 1064 3782 contextu,
1075 3728 1191 3793 quamuis
1200 3727 1228 3777 id

128 3793 209 3842 etism
221 3789 319 3860 iecerit
327 3791 344 3842 J
348 3804 456 3855 aperus,
466 3791 551 3841 locum
564 3792 626 3842 dare
638 3806 689 3841 nou
701 3806 777 3841 ansus
788 3790 834 3841 ini.
868 3791 932 3842 Cum
943 3794 969 3843 in
982 3791 1087 3861 optimii
1098 3791 1175 3843 codd.
1185 3790 1229 3849 sit,

624 3889 732 3940 NOTAE

161 3983 174 4020 ‘¹
191 3985 267 4037 Nulla
283 3985 430 4048 tempestatis
442 3985 570 4050 mumius]
586 3986 658 4052 Hye-
697 3986 772 4047 simili
784 3986 877 4036 coneda
893 3986 975 4051 eques]
995 3984 1066 4036 Ante
1083 3980 1228 4048 eatque,

128 4077 173 4119 me
192 4063 260 4112 enim
288 4063 458 4126 imperatores
480 4063 659 4116 Mediolanum
698 4064 898 4128 cnjusinlocum
910 4062 989 4128 aliqui
1001 4052 1143 4115 restituunt
1153 4064 1211 4127 quid
1220 4080 1229 4118 .·

127 4146 317 4191 couvenerant.
697 4155 746 4204 ego
757 4154 818 4192 sero
830 4141 922 4204 Langii
934 4137 1140 4212 emendationem
1153 4156 1227 4196 secu·

162 4223 174 4250 e
191 4217 256 4274 Quid
271 4216 376 4268 stimulis
387 4217 492 4268 consitus
504 4231 575 4282 equus
592 4217 659 4282 [quis
696 4225 739 4271 tns
750 4233 816 4271 sum.
