2730 4726
386 346 571 395 ⁴rurmrro
595 346 684 394 auc.
722 345 778 393 xr.
794 329 847 396 is.
1085 331 1171 397 lese

71 494 222 571 mortius,
231 511 296 556 non
308 491 430 557 frustra
442 491 614 575 hucusque
629 491 754 555 vixisti.
778 490 896 554 Habes
909 490 1076 556 idoneum
1089 489 1171 555 fidei
1184 559 1187 563 ,

72 617 116 661 oc
131 595 306 660 industriae
315 594 476 679 judicem.
520 593 705 669 Memento,
728 594 762 658 in
789 613 909 676 magno
926 613 981 657 res
997 601 1076 660 tuas
1092 615 1169 664 esse

72 697 277 780 discrimine.
323 697 544 771 Scietur,non
559 698 722 762 meruisse
745 703 778 761 te
804 698 1026 775 consulatum,
1052 699 1082 762 si
1108 702 1171 766 tibi

71 821 141 865 non
155 801 308 866 detulerit
321 800 378 865 hic
393 799 604 883 Imperator?

70 956 75 967 .
114 903 209 968 Cae.
233 919 346 969 xv111.
391 903 424 967 l.
446 902 577 980 Habeo,
606 901 771 985 Auguste,
797 902 1019 986 proditionem
1048 905 1173 973 silentii

68 1007 154 1085 mei,
169 1014 205 1072 et
219 1027 288 1071 rem
312 1026 335 1070 a
358 1024 412 1069 me
437 1025 503 1069 non
525 1006 637 1069 brevis
661 1006 739 1070 eeri-
753 1007 976 1071 taciturnitate
999 1008 1171 1075 celatam!

73 1108 234 1175 Nondum
269 1116 382 1175 tamen
408 1116 531 1172 cuncte
557 1106 776 1190 prodidimus
836 1107 977 1174 Nullum
1003 1109 1171 1195 hincjam

72 1232 207 1278 mecum
222 1212 302 1278 volo
317 1211 437 1277 referre
453 1216 631 1292 secretum
648 1210 761 1274 omnia
774 1211 919 1294 pectoris
931 1231 1057 1278 arcana
1070 1234 1170 1279 rocu-

69 1317 153 1381 ubo.
195 1316 228 1381 2.
251 1315 492 1398 SuspendIsses
507 1310 796 1378 benevolentiamf
816 1319 919 1390 tuam,
929 1321 964 1378 et
979 1322 1047 1380 tuae
1063 1315 1121 1380 isti
1136 1318 1170 1381 in

70 1438 128 1483 mo
141 1419 349 1496 liberalitati,
363 1424 480 1483 contra
493 1435 604 1481 mores
619 1422 710 1494 tuos,
726 1415 860 1482 artificii
875 1417 1004 1501 aliquid
1021 1417 1172 1484 addidis-

70 1539 148 1602 see3
171 1520 310 1586 forsitan
324 1539 506 1604 rogassem.
548 1518 581 1582 3.
598 1518 701 1584 Porri
716 1526 840 1598 eutem,
855 1519 1053 1605 Imperator,
1067 1529 1167 1606 putes

71 1632 150 1690 esse
164 1621 440 1706 beneficii,.quod
455 1621 592 1704 rogandi
607 1622 688 1686 mihi
706 1623 891 1706 periculum
904 1624 1091 1690 remisisti?
1114 1645 1170 1709 pc,

68 1726 228 1804 siculum,
250 1728 397 1810 inquam,
419 1725 629 1789 sanctissime
645 1724 838 1808 Imperator.
882 1726 921 1790 Si
935 1736 1097 1812 praestare
1112 1729 1170 1795 dn·

68 1829 232 1908 bitasses,
257 1830 288 1894 si
308 1829 349 1920 jn
374 1834 545 1912 posterum
567 1826 765 1901 distulisses,
793 1828 876 1912 quid
902 1848 957 1894 me
981 1829 1074 1897 fieret
1091 1840 1171 1914 post

67 1931 268 2020 repulsaml
310 1933 344 1996 4.
367 1931 409 1994 In
422 1917 604 1994 levissimis
619 1948 754 2013 quoque
776 1929 945 1995 beneficiis
967 1933 1090 2015 petitia
1107 1952 1169 1999 nec

68 2032 271 2118 impetratis,
286 2033 433 2098 amicitia
446 2031 650 2097 dissolvltur.
697 2031 856 2116 Namque
878 2034 921 2108 ie,
936 2054 1005 2118 qno
1020 2036 1170 2102 amicitia

69 2136 280 2214 continetur,¹
292 2155 385 2201 amor
400 2135 492 2219 apud
507 2142 683 2217 utrumque
693 2135 866 2217 polluitur.
888 2134 984 2200 Alter
998 2140 1102 2203 umori
1118 2159 1169 2218 se,

70 2239 155 2324 quio
167 2258 234 2303 non
246 2239 413 2324 praestitit,
426 2257 492 2301 non
510 2243 625 2320 putat3
648 2236 735 2302 alter
754 2240 832 2302 odio
844 2258 881 2302 se
903 2259 990 2318 esse,
1005 2242 1086 2324 quia
1104 2262 1170 2306 non

71 2342 231 2420 obtinuit,
246 2342 430 2406 arbitretur.
474 2344 506 2406 5.
524 2341 556 2405 N
560 2362 600 2406 ec
615 2361 696 2406 sane
710 2341 791 2406 mihi
807 2344 927 2407 consul
942 2343 1087 2424 gratuito
1099 2344 1169 2410 sac·

71 2451 129 2510 tus
143 2445 284 2523 viderer,
299 2445 328 2509 si
343 2445 499 2508 honorem
515 2446 673 2529 precibus
685 2447 851 2510 emissem.
899 2445 1065 2511 Miserum
1080 2448 1169 2512 enim

73 2547 331 2612 etlaboriosum
343 2546 535 2625 subiissem,
548 2548 686 2636 meliore
701 2547 768 2613 aevi
780 2555 873 2633 parte
897 2547 1078 2627 transacta,
1090 2552 1170 2614 tiro·
1234 2536 1238 2541 ’

71 2651 214 2717 oinium·
228 2650 377 2734 rogandi·
420 2649 543 2734 Neque
569 2651 657 2715 enim
685 2649 854 2728 existimo,
885 2653 1062 2717 molestius
1092 2672 1168 2716 esse

64 2753 264 2847 pecuniam,
288 2774 394 2841 quarn
410 2772 541 2837 procae,
562 2754 714 2821 fundere.
756 2754 789 2819 6.
813 2755 968 2841 Denique
994 2774 1109 2820 omnes
1132 2756 1168 2818 in

89 2949 118 2985 ’ὓ
134 2949 216 3000 Hebes
225 2925 405 3015 explicationem
415 2951 508 3001 silentii
518 2951 573 3006 mei,
583 2955 608 3001 et
617 2967 668 3003 rem
676 2967 747 3016 quom
757 2908 843 3001 dedere
853 2951 947 3002 silentio
956 2965 1094 3016 moenum.

65 3032 73 3049 ¹
103 3014 114 3050 ⁸
128 3015 321 3081 [suffecturam
332 3017 604 3068 amicitiaeustentotui.

65 3263 158 3316 senez.
173 3262 456 3326 busoqoearousrustrc
467 3261 527 3311 edd.
539 3269 599 3310 ente
610 3260 708 3323 Inger.
740 3261 815 3323 Mox,
834 3262 946 3326 Guelpb.
957 3266 1058 3313 mutato
1069 3261 1170 3331 ordine,

65 3337 97 3381 ie
104 3344 152 3378 noa
162 3329 274 3379 uorum
282 3331 436 3378 cementum.
454 3328 559 3389 Cuspio.
571 3326 617 3376 tibi
628 3342 680 3376 eum
690 3341 746 3385 nou,
754 3329 796 3389 ξε.

105 3395 173 3444 Cae.
186 3406 271 3442 xvrrr.
303 3397 318 3441 3
335 3395 440 3444 Puteol.
457 3394 573 3443 Rhenan.
591 3391 628 3440 H.
640 3391 728 3454 steph.
740 3392 823 3441 Lirin.
835 3390 920 3441 Ririo.
934 3391 1169 3455 perbmomcommi·

64 3459 144 3517 ¹aietir
155 3459 223 3508 Vct.
237 3459 357 3511 Peteon..
365 3459 426 3509 Vet.
445 3460 530 3509 Lirin.
541 3459 641 3507 Berlin.
651 3457 763 3521 Guelph.
785 3459 849 3508 Ero.
860 3457 1004 3507 Schoohor.
1016 3459 1123 3522 crespio.
1136 3461 1169 3510 Ρ.

69 3525 162 3587 Stepb.
173 3532 201 3574 et
212 3531 321 3573 recentt.
331 3540 355 3587 p.
366 3524 488 3574 remisisti.
522 3525 596 3583 Mox,
608 3523 710 3573 Acidal.
722 3523 789 3589 conj.
805 3523 946 3587 Imperator,
956 3524 1024 3587 quusi
1038 3529 1151 3587 prestare
1158 3540 1169 3582 ,·

71 3589 133 3640 edd.
144 3597 206 3638 oute
216 3589 313 3652 laeger.
339 3590 479 3654 Imperator,
497 3589 518 3637 ai
534 3593 657 3653 praetore.
668 3590 775 3653 Cuspio.
787 3589 901 3638 Rhenan.
912 3589 1000 3650 Steph.
1013 3589 1097 3637 Lirin.
1112 3589 1170 3651 quid

69 3655 222 3720 iudefieret3
239 3654 327 3703 RIrIn.
339 3659 364 3703 l.
378 3661 403 3704 2.
419 3655 475 3718 quid
488 3655 543 3703 inde
554 3654 629 3718 fleret
636 3670 646 3712 ,·
662 3656 724 3703 Vct.
738 3655 850 3704 Peteon.
862 3653 932 3703 (lud.
943 3654 1029 3703 Moerl.
1041 3654 1097 3718 quid
1106 3670 1122 3700 o
1130 3669 1168 3703 me

63 3720 157 3786 fleret,-
172 3720 293 3769 Votlcan.
307 3719 367 3768 Vet.
381 3720 464 3768 Lirin.
474 3719 574 3768 Berlin.
586 3719 664 3768 Grrrt.
672 3719 755 3768 Poris.
763 3720 858 3768 Cellae.
869 3719 968 3781 Jaeger.
977 3719 1034 3781 quid
1044 3718 1166 3782 arefieret.

68 3789 120 3835 -4
138 3786 281 3834 soa-reu.
291 3786 432 3841 continetur,
439 3787 545 3846 gradus:
561 3785 661 3833 Berlin.
668 3786 775 3848 Cnspiu.
783 3785 861 3835 Grut.
870 3792 897 3834 et
907 3791 1017 3834 recentt.
1027 3783 1169 3847 continetur,

66 3856 193 3905 enervo
205 3850 307 3901 Berlin.
317 3852 425 3912 munito
435 3853 522 3899 consul.
534 3849 646 3912 Guelplr.
654 3850 737 3909 suetus
748 3851 863 3900 redderet.
881 3849 943 3898 Vet.
959 3848 1039 3897 bivio.
1050 3855 1074 3896 et
1085 3849 1102 3896 l·
1112 3848 1167 3897 reb·

69 3917 150 3967 istem
169 3915 298 3982 ‘Guelpln
313 3918 440 3967 modestius
449 3931 514 3967 eree:
530 3913 617 3966 mele.’
634 3913 771 3969 Arnen-6
786 3914 890 3966 Puteol.
901 3914 1017 3965 Rbeoeo.
1029 3912 1064 3964 Η.
1076 3912 1166 3977 steph.

564 4064 672 4116 NOI'AE

64 4196 71 4205 ·
104 4178 298 4248 'Suspendiatee
323 4181 516 4244 benevolentiam]
542 4180 601 4230 Hoc
637 4175 1165 4245 loquendimodouibilapudbonosscrip·

65 4260 159 4323 eristi
177 4259 334 4324 neptuim
348 4258 539 4314 benevolentium,
550 4271 601 4323 quo
637 4264 709 4308 tores
718 4255 890 4322 frequentius.
