2730 4726
461 329 744 380 suaseramus.
784 328 858 379 ιιι.
873 314 905 378 6.
1142 312 1230 380 1563

130 475 359 542 aestimemus:
379 491 440 539 neo
465 473 610 539 difficilis
636 472 839 556 conjectatio
864 477 933 537 est:
959 490 1035 536 nam
1058 491 1134 537 cnm
1160 473 1229 539 duo

130 581 214 656 sint,
230 599 307 662 quae
333 577 446 642 claros
469 577 574 642 duces
594 576 730 653 faciant,
755 595 885 639 summa
898 575 1017 653 virtus,
1033 595 1231 661 summaque

129 680 295 760 felicitas3
318 681 404 745 scire
419 681 553 744 obvium
568 686 631 757 est,
647 697 715 763 qua
732 677 1005 761 praeditusfuerit
1017 678 1154 757 virtute,
1170 681 1231 764 qui

130 790 165 849 te
191 782 334 857 docuit,⁸
356 801 425 864 qua
448 782 547 848 fuerit
569 781 731 848 felicitate
756 779 928 864 praeditus,
956 781 1015 863 qui
1044 788 1076 844 te
1107 784 1230 862 genuit.

129 885 164 950 2.
187 882 223 948 0·
241 885 342 967 digna
365 885 568 970 Imperatore
593 885 767 963 nobilitas,
790 884 864 966 ejus
888 903 965 946 esse
980 882 1084 946 filium
1100 882 1231 949 Princi-

130 1007 222 1071 pem,
237 989 295 1072 qui
310 987 475 1071 Princeps
491 1009 565 1053 esso
581 989 740 1065 debuerit,
764 989 823 1072 qui
844 987 930 1051 huno
952 987 1088 1051 humani
1101 986 1230 1068 fastigii

131 1091 266 1173 apicem
280 1109 346 1155 non
367 1090 494 1154 solunt
509 1090 700 1154 fortitudine
724 1095 824 1172 atque
840 1091 1017 1173 sapientia,
1033 1089 1093 1152 sed
1110 1089 1230 1154 decoro

130 1193 232 1257 etiam
248 1192 400 1276 corporis
414 1199 449 1257 et
462 1192 621 1276 dignitate
636 1195 786 1277 potnerit
798 1213 932 1277 aequare
946 1193 954 1257 !
976 1194 1070 1257 velut
1082 1200 1140 1257 tua
1154 1192 1229 1259 haeo

128 1295 237 1360 forma
250 1295 456 1374 venerabilis,
472 1315 571 1378 quam
588 1293 728 1359 fortunae
744 1314 816 1359 snae
833 1315 893 1378 per
914 1295 992 1359 esti
1014 1315 1116 1376 qnam
1131 1295 1230 1377 longe

128 1398 266 1482 lateque
281 1397 468 1480 conspicua
490 1395 699 1463 commendat
717 1397 920 1480 imperinm?
943 1405 980 1462 ut
995 1397 1095 1480 piane
1109 1397 1143 1460 in
1160 1417 1229 1462 am-

128 1500 235 1581 biguo
249 1500 305 1578 sit,
320 1505 471 1566 utrumne
486 1506 519 1564 te
534 1500 641 1582 magis
656 1501 777 1564 nostris
793 1501 964 1566 mentibus
980 1501 1097 1576 virtue,
1110 1520 1152 1563 an
1169 1500 1231 1563 ob·

129 1602 262 1668 tutibus
284 1602 398 1670 vultus
423 1603 582 1667 insinuet.
625 1601 658 1669 3.
682 1601 760 1667 Non
788 1603 914 1667 frustra
939 1604 1040 1685 plane
1072 1603 1230 1684 opinions

131 1705 347 1788 sapientium,
373 1707 432 1789 qui
457 1707 659 1772 naturalium
682 1713 851 1771 momenta
872 1726 1050 1771 causarum
1072 1706 1230 1772 subtilius

130 1807 310 1886 sciscitati,
325 1809 460 1874 areanis
473 1808 669 1874 coelestibus
693 1808 826 1873 nobiles
846 1827 945 1873 curas
959 1807 1155 1886 intulerunt,
1170 1827 1230 1874 au*

125 1911 329 1993 xgostissimn
352 1929 497 1995 quaeque
520 1909 654 1993 species
680 1910 856 1993 plurimum
876 1910 1023 1975 creditur
1045 1911 1173 1974 trahere
1187 1909 1230 1977 de

130 2013 265 2080 ooelor·
286 2014 359 2079 sive
374 2014 462 2078 enim
485 2012 617 2078 divinus
636 2013 693 2078 ille
718 2014 852 2079 animus
874 2019 1035 2078 venturus
1057 2014 1089 2077 in
1103 2030 1229 2096 eorpus

130 2115 266 2201 dignum
281 2116 373 2200 prius
392 2123 540 2181 metatur
562 2115 774 2199 hospitium,b
796 2117 869 2182 siva
891 2136 967 2182 cnm
982 2113 1120 2192 venerit,
1134 2112 1230 2198 fingit

159 2297 176 2376 ξ
191 2297 253 2413 {¹2:2⁸
263 2313 313 2377 esse
322 2299 412 2366 fidum.
423 2299 464 2365 qui
478 2299 608 2378 imperator
618 2316 668 2355 esse
682 2301 797 2364 dedum
808 2301 893 2367 ustum
903 2316 1035 2368 supremas
1046 2300 1106 2350 irre
1117 2299 1230 2351 nomaso

128 2367 831 2507 Ὓλζιιιωιᾚὲᾞἱπᾜιιπτιξιῗιξιυᾯρῗιιιιιι,
849 2431 892 2494 qui
903 2446 982 2481 emes
992 2431 1231 2506 animaduersurum

129 2508 249 2544 οιιιιιιιιιι
259 2500 412 2557 pareretur,
426 2498 529 2546 celestes
545 2511 632 2549 ursone
647 2513 735 2560 magau
753 2512 805 2547 rum
819 2511 878 2551 curu
892 2496 1047 2561 demigrat,
1060 2499 1231 2562 perlustrass-

128 2573 195 2609 ιιιιιιι
204 2560 429 2624 qmarquesarmmn
438 2575 451 2610 e
460 2561 515 2610 ceto
525 2563 611 2612 ducere
620 2564 747 2625 originem

592 2722 771 2744 ”mum

166 2833 235 2887 Gne.
247 2848 284 2884 rr.
305 2838 319 2884 1
332 2832 397 2885 Eue.
410 2834 557 2887 Sehonhov.
573 2837 603 2887 de
613 2840 642 2888 de
652 2837 802 2889 animemus.
819 2835 908 2886 ‘Mete
920 2834 1009 2901 verbs,
1022 2835 1129 2901 pred.s·
1138 2853 1162 2888 u.
1173 2851 1196 2900 q.
1209 2839 1230 2887 t.

129 2902 221 2960 doerit,
237 2914 293 2964 quo,
306 2903 427 2961 >neglexit
445 2900 569 2965 Gneiph.’
586 2902 672 2952 Arate.
695 2903 757 2952 seire
774 2901 867 2951 odviam
883 2907 920 2951 est
937 2903 1073 2965 presserit
1090 2903 1149 2951 edd.
1162 2908 1230 2952 vett.

130 2967 194 3016 ‘Sin
205 2966 286 3015 editio
299 2967 458 3032 cuspiniani,
469 2969 506 3017 sic
520 2968 652 3030 Rhensni3
667 2983 716 3018 nec
728 2966 907 3032 reprehendo:
925 2971 1035 3030 putarim
1052 2975 1161 3024 tanturn,
1172 2967 1231 3017 toiii

130 3044 208 3096 possa
228 3032 337 3082 aiterum
353 3033 434 3092 suerit
452 3042 477 3081 et
497 3033 632 3099 preditum
654 3043 683 3083 nt
703 3033 841 3094 scribatur,
867 3048 913 3096 qua
927 3032 1058 3096 felicitate,
1076 3034 1117 3097 qai
1134 3032 1230 3094 genuit.

129 3097 236 3147 Omissa
246 3097 324 3147 etism
337 3101 360 3146 te
372 3100 528 3162 posteriores
545 3099 682 3160 editiones,
693 3100 781 3148 nescio
791 3113 885 3148 casuue
903 3113 935 3146 sn
950 3100 1078 3160 consulto,
1095 3098 1231 3151 exclusere

130 3170 215 3212 totum
227 3161 299 3220 iilud,
316 3177 363 3226 qua
377 3164 493 3225 praeditus
502 3163 582 3222 faerit
592 3165 682 3212 uirtute
692 3165 733 3227 qai
750 3169 773 3213 ts
789 3165 884 3213 docuit:
901 3178 950 3212 nee
961 3165 1078 3215 meminit
1091 3164 1231 3229 Livineius,

130 3242 165 3279 an
176 3227 305 3277 invenerit
317 3229 343 3275 in
355 3229 547 3289 exemplaribus
559 3226 681 3293 seriptis.'
694 3231 767 3278 Grut.
783 3229 972 3287 ‘Retinuimns,
991 3229 1058 3292 quod
1075 3237 1116 3277 est
1131 3231 1156 3278 in
1175 3229 1230 3278 edi·

129 3295 203 3343 tione
216 3293 364 3346 parisiensi,
377 3301 405 3341 et
416 3307 444 3342 se
456 3293 481 3341 in
494 3293 552 3342 eod.
565 3295 693 3358 reperisse
705 3294 836 3342 Livineius
849 3301 960 3343 testatus
971 3302 1022 3344 est.
1053 3295 1129 3342 Meus
1140 3295 1232 3354 habet,

130 3374 177 3425 que
188 3357 512 3423 preditussaeritselieitute
523 3364 547 3408 te
555 3359 656 3420 genuit?
673 3357 799 3409 Scheffer.
822 3374 867 3422 qao
875 3359 992 3423 proditus
999 3359 1080 3421 suerit
1089 3360 1178 3411 virtute
1188 3359 1231 3423 qui

130 3429 155 3472 te
164 3422 253 3476 deruit,
263 3421 392 3486 profuerit
404 3424 467 3472 Exc.
479 3422 624 3474 Senem-e
635 3424 703 3475 Edd.
716 3431 780 3474 vett.
795 3423 845 3484 ejus
855 3438 916 3475 esses
923 3425 1006 3490 fitium
1021 3425 1152 3489 principem
1163 3439 1212 3474 esse
1219 3438 1232 3485 ,⁸

131 3487 202 3538 unde
214 3488 306 3550 steph.
318 3487 385 3551 conj.
402 3488 451 3548 ejus
461 3489 594 3554 essefitiam
606 3490 721 3554 principia
730 3491 788 3554 qui‚·
805 3498 832 3538 et
843 3489 945 3540 Aridsi.
962 3489 1012 3549 rias
1023 3491 1130 3556 essefitr'r'
1139 3496 1231 3552 putreat

130 3553 173 3616 ‘qus'
182 3553 291 3616 princeps
298 3570 307 3612 ,-
325 3554 389 3602 Exe.
401 3554 546 3611 Sohonhov.
558 3555 617 3604 Vnt.
629 3563 656 3605 et
667 3558 726 3605 Vet.
737 3557 849 3605 Putenn.
871 3555 922 3618 ejas
937 3569 985 3605 esse
995 3556 1076 3620 fliium
1092 3556 1230 3617 principem,

130 3617 172 3680 qui
181 3617 289 3680 princeps
299 3632 348 3667 esse
358 3617 473 3668 debuerit.
507 3620 582 3680 Mox,
592 3621 656 3670 Ere.
668 3621 813 3671 Senoniror.
835 3621 983 3683 ammanitis,
998 3636 1050 3686 ques
1060 3620 1181 3679 somnae,-
1201 3623 1230 3666 et

132 3684 289 3746 metopon,
311 3683 345 3734 rit
360 3690 471 3733 utrumne
487 3684 565 3745 nmen
580 3701 605 3734 ιι.
621 3701 654 3733 sa.
670 3687 765 3744 uirtus,
780 3688 841 3735 Vet.
853 3687 964 3735 Putesn.
985 3692 1065 3735 utrem
1074 3688 1159 3734 rra—3
1174 3684 1230 3732 Nes

123 3747 150 3806 s·
158 3763 185 3813 p·
197 3763 219 3801 a.
230 3749 362 3812 rupiestum
373 3748 435 3799 Vet.
448 3750 559 3799 Putean.
582 3749 682 3801 Aeidsi.
693 3752 763 3816 conj.
777 3765 818 3804 sea
834 3766 887 3801 carr
903 3750 1003 3801 υιιιήι.
1020 3751 1130 3801 ‘Codex
1148 3762 1230 3809 mens,

630 3896 737 3949 NOTAE

164 3997 177 4025 ⁸
194 3989 243 4047 Qut
254 3989 379 4054 tedosas't]
398 3989 430 4039 Id
442 3996 493 4051 est,
513 4005 606 4054 parens
617 3995 661 4058 qui
701 4006 761 4056 neg.
773 4006 835 4042 viu.
847 3997 887 4042 17.
903 3990 1044 4041 ‘Naturam
1061 3990 1143 4052 ipsam
1158 4004 1229 4054 mag·

131 4074 159 4117 ts
172 4064 206 4116 sd
217 4074 300 4116 artem
311 4066 430 4117 bellicam
441 4067 563 4120 erudivit.
701 4070 740 4118 nis
752 4070 881 4120 mentibus
890 4067 1018 4118 domicilia
1026 4082 1161 4132 corporum
1173 4068 1229 4134 dig·

163 4140 302 4195 'Messene
319 4143 458 4208 tamaium]
480 4145 607 4209 Respexit
625 4145 658 4196 sd
701 4160 735 4196 nr
746 4144 855 4197 metari!
880 4145 915 4197 Et
926 4159 987 4195 esra
997 4152 1086 4196 notum
1098 4155 1137 4195 est
1147 4145 1232 4197 AEtni·

130 4221 217 4274 losum
239 4219 359 4275 Eumenii
376 4221 453 4286 plane
470 4221 588 4288 similem,
607 4223 659 4276 Ps·
700 4236 764 4288 opas
781 4230 809 4275 st
828 4219 908 4276 Indos
925 4222 952 4275 in
969 4219 1182 4286 repedaiigondo
1199 4217 1229 4276 id
