2730 4726
366 330 421 383 ao
443 327 669 379 uaunanrru
692 325 1009 378 onacrucrncum
1150 308 1241 377 naa

130 419 255 547 anuo
283 472 548 551 cameratae,
561 493 642 556 cap.
658 488 712 537 ιν.
741 491 810 536 non
838 472 941 551 alios,
970 472 1037 538 nisi
1052 472 1238 540 Diocletia-

129 602 207 657 pum
221 587 261 644 el
272 578 533 654 Maximianum,
549 577 707 659 designat
719 575 773 639 his
787 576 915 641 verbis:
938 577 1003 641 ‘Et
1018 597 1097 641 sane
1113 587 1236 661 praeter

129 703 230 749 asma
252 701 436 764 eummque
456 678 666 763 reipublicae,
687 679 791 742 etiam
812 678 872 742 illa
891 679 993 743 Jovis
1015 684 1049 743 et
1070 678 1236 746 Herculia

130 792 279 868 cognata
300 786 464 868 majestas
486 783 520 845 in
533 782 638 847 Jovio
653 781 890 864 Herculeoque
904 783 1114 866 principibus
1129 785 1235 848 totins

129 889 249 958 muudi
270 888 527 971 coelestiumque
541 907 650 952 rernm
665 886 917 950 similitudinem
931 886 1156 969 requirebatl·
1189 887 1236 952 Et

130 993 174 1057 dc
195 992 252 1058 iris
272 991 374 1055 etiam
387 990 536 1073 loquitur
550 991 707 1054 Lactant
721 989 763 1063 de
779 989 947 1052 Mortibus
962 988 1234 1068 Persecutorum,

131 1112 211 1177 cap.
229 1110 279 1158 ar.
303 1095 314 1128 ‘
333 1092 399 1157 Ubi
415 1099 494 1156 sant
506 1091 609 1156 modo
623 1090 800 1173 magnifica
814 1091 873 1154 illa
883 1097 918 1154 et
933 1091 1022 1155 clara
1037 1110 1098 1175 par
1116 1100 1236 1174 gentes

130 1196 310 1262 Ioviorum
330 1203 364 1259 ct
380 1194 619 1260 Herculiorum
635 1194 848 1277 cognomina,
862 1211 940 1278 quae
955 1195 1096 1277 primum
1110 1215 1133 1260 a
1147 1195 1236 1263 Dm-

130 1299 218 1367 clcte
235 1319 277 1364 ac
293 1297 509 1362 Maximiano
526 1299 708 1362 insolenter
723 1302 885 1374 assumta,
900 1317 941 1362 ac
957 1298 1170 1379 postmodum
1189 1299 1234 1364 ad

130 1419 351 1466 successores
378 1419 492 1464 eoram
517 1401 680 1466 translata
704 1399 910 1483 vigueruntl'
959 1399 1093 1484 Nempe
1117 1402 1234 1468 horum

129 1503 320 1569 imitatione
346 1503 451 1567 etiam
479 1503 631 1587 posthaec
656 1502 815 1570 Galerius
843 1501 1076 1568 Maximianus
1105 1502 1235 1584 Ceasar,

129 1625 232 1690 gener
246 1606 464 1682 Diocletiani,
474 1605 495 1670 J
501 1606 618 1685 ovius;
641 1612 676 1670 et
689 1603 905 1670 Constantius
921 1625 962 1670 ac
978 1604 1232 1686 Constantinus,

129 1709 244 1791 generi
259 1708 475 1786 Maximiani,
489 1708 641 1773 Herculii
657 1707 739 1772 dicti
755 1713 844 1773 sant
892 1707 1021 1786 Taceo,
1036 1707 1232 1776 binoctium

130 1810 280 1876 Romam
300 1812 424 1876 dictam
443 1831 522 1876 esse
537 1817 549 1846 ‘
563 1810 782 1877 Herculeam'
803 1818 839 1876 et
853 1810 1031 1876 ‘Joviam’
1046 1813 1137 1895 apud
1156 1813 1232 1880 Ma·

128 1921 228 1981 mart
251 1913 376 1997 Paneg.
397 1915 518 1999 priore,
540 1936 617 2000 cap.
640 1932 730 1993 xrrr.
752 1916 835 1980 item
858 1915 986 1979 ‘Jovia
1007 1922 1044 1978 et
1068 1915 1234 1981 Herculia

130 2015 283 2080 auxilia'
297 2018 386 2101 apud
401 2016 536 2083 Victor.
550 2017 591 2082 de
605 2017 732 2082 Gaesar.
748 2037 825 2100 cap.
843 2033 993 2080 xxxix.
1015 2017 1179 2081 ‘Jovias'
1199 2025 1234 2084 ot
1256 2093 1260 2099 ¹

127 2117 328 2184 ‘Herculius
339 2119 507 2184 cohortes’
519 2121 611 2205 apud
620 2119 740 2203 Veget.
751 2119 836 2187 ι.17.
846 2126 881 2185 et
890 2118 1062 2185 Ammian.
1076 2119 1232 2187 Marcell.

132 2236 239 2286 ΠΗ.
257 2222 289 2287 1.
303 2224 367 2288 &a
402 2221 492 2288 Vide
506 2222 687 2307 Spauhem.
703 2223 844 2287 Dissert.
860 2239 934 2287 xri.
947 2223 1067 2306 p.⁴l.‘l7.
1099 2220 1233 2301 Quodsi

130 2322 218 2389 Aur.
241 2323 384 2406 Victori,
410 2327 433 2390 l.
456 2346 485 2390 c.
507 2326 592 2391 fides
616 2326 782 2406 habenda,
809 2326 1045 2392 Diocletianus
1069 2325 1177 2406 lorii,
1199 2333 1233 2392 et

130 2425 365 2493 Maximianus
387 2429 540 2495 Herculii
563 2450 747 2513 cognomen
770 2431 814 2495 ab
840 2430 978 2494 assiduo
1003 2429 1092 2494 cultu
1114 2429 1232 2494 horum

129 2531 318 2608 numinum,
334 2530 730 2610 ‘Jovis'et‘Hcrculis,'
740 2534 946 2598 invenerunt.
970 2529 1107 2609 ‘Huic,'
1119 2532 1231 2598 Maxi-

130 2632 260 2708 miano,
277 2633 395 2717 iuquit,
410 2641 554 2717 ‘postea
574 2638 667 2700 cultu
687 2637 834 2701 numinis
855 2634 1010 2700 Herculii
1030 2653 1231 2715 cognomen-

131 2742 203 2802 tum
233 2737 400 2817 accessit3
429 2739 481 2801 uti
511 2739 649 2803 Valerio
679 2739 908 2816 Diocletiano,
939 2735 1101 2801 lovium!
1156 2735 1232 2821 Nec

129 2856 229 2920 rrego,
246 2837 315 2902 fieri
337 2840 503 2922 potuisse,
517 2847 555 2906 ut
575 2841 610 2905 lri
629 2842 850 2927 Imperatores
861 2842 907 2904 ab
921 2839 1018 2903 initio
1033 2838 1232 2920 cognomina

129 2941 200 3006 ista
216 2942 376 3006 traxerint
391 2963 412 3006 a
427 2944 520 3009 cultu
535 2945 695 3011 Deorum.
718 2945 887 3025 ‘Quidam
902 2941 1012 3019 enim,'
1027 2943 1134 3026 inquit
1145 2942 1231 3008 Lac·

128 3048 213 3108 tant.
230 3060 281 3105 vr.
298 3045 331 3109 6.
347 3049 357 3078 ‘
372 3046 469 3110 etiam
492 3049 662 3130 probitate
684 3049 762 3114 ficta
784 3048 872 3113 viam
893 3045 959 3112 sibi
979 3045 1021 3111 ad
1041 3047 1230 3130 potentiam

129 3146 298 3223 muniant,
313 3147 510 3231 faciuntque
525 3151 642 3229 molta,
655 3169 732 3235 quaa
747 3152 826 3215 boni
840 3147 969 3215 solent?
1002 3149 1083 3233 Ipse
1095 3169 1230 3234 qaoque

132 3248 353 3312 Mamertinus
368 3255 494 3329 noster,
509 3250 660 3317 Genethl.
676 3272 755 3336 cap.
772 3268 825 3315 vr.
839 3253 923 3318 mire
934 3252 1108 3334 utriusque
1123 3253 1229 3336 pieta·

130 3355 199 3413 tem
220 3349 356 3416 laudat:
379 3351 617 3433 ‘sanctiores,'
639 3353 760 3438 inquit,
783 3352 904 3418 ‘Deos
926 3352 1056 3419 lecistis
1073 3355 1230 3438 exemplo

131 3459 256 3517 vestrae
278 3454 520 3519 venerationis:
545 3475 629 3520 nanc
649 3459 739 3520 onim
759 3476 839 3522 vere
861 3456 1010 3520 homines
1030 3457 1229 3538 intelligunt,

132 3574 287 3638 quaenam
310 3562 464 3639 potestas
486 3556 648 3631 Deorum,
671 3579 747 3624 cnm
768 3567 839 3625 tam
862 3560 1010 3642 impense
1033 3559 1186 3624 colantur
1207 3574 1240 3623 a'

131 3656 251 3722 vobis!
292 3658 490 3724 Harduinus
512 3659 636 3726 Select.
660 3660 762 3744 Oper.
784 3680 862 3745 pag.
882 3662 960 3725 444.
981 3661 1141 3746 opinatus
1163 3668 1227 3735 eet,

130 3760 226 3826 hisce
245 3762 379 3827 duobus
400 3760 565 3845 Augustis
573 3763 675 3830 Jovii
689 3770 723 3829 et
739 3762 895 3828 Herculii
910 3764 1045 3828 nomina
1059 3763 1103 3827 ad
1118 3763 1229 3845 desig-

130 3862 265 3930 nandas
277 3865 455 3949 primarias
470 3886 583 3932 eorum
596 3868 733 3933 virtutes
748 3886 826 3931 essa
841 3865 1010 3949 ascripta3
1035 3871 1228 3949 propterea,

131 3965 221 4048 quod
242 3967 337 4043 alter,
352 3966 586 4033 Diocletianus
606 3988 737 4051 nempe,
751 3968 912 4049 consili03
934 3968 1031 4044 alter,
1049 3965 1228 4034 Maximia-

130 4087 207 4159 nus,
233 4067 436 4150 iortitudine,
462 4071 699 4154 rempublicam
731 4072 832 4138 tutati
856 4071 933 4136 sint.
986 4066 1036 4134 At
1058 4067 1238 4135 enimvero
