2730 4726
316 309 545 360 rruxrurauo
571 307 617 357 nr
640 306 919 360 cossruurruo,
941 313 992 360 rr.
1012 292 1068 359 13.
1154 295 1241 362 laur

141 483 229 544 mus,
245 470 279 529 et
293 464 459 541 videmus,
475 470 513 527 ut
521 462 668 526 habenas
680 462 767 527 male
780 463 936 541 creditas,
951 469 985 528 et
996 486 1129 531 cursum
1143 467 1242 534 devio

142 573 277 631 vectore
292 568 464 631 turbatum
478 566 654 647 reciperet,
670 586 868 650 rursumque
883 567 1060 649 dirigeret3
1085 570 1180 653 cujus
1197 572 1241 636 sia

140 669 221 734 mile
237 676 286 749 tn,
302 669 504 752 Imperator,
516 669 617 732 etiam
633 669 735 733 facile
758 668 879 732 fecisti.
924 669 1048 754 Neque
1064 671 1098 735 id
1114 673 1243 738 mirum.

137 775 172 854 4.
196 771 282 837 Cum
299 773 385 836 enim
402 791 423 834 a
437 777 469 835 te
484 771 628 835 recessit
647 771 833 854 imperium,
850 777 885 836 et
906 773 1058 855 privatus
1079 773 1158 840 licet
1172 775 1243 840 dici

139 875 259 950 velles,
272 874 406 938 inhaesit
421 873 483 938 tibi
498 873 644 956 ingenita
658 873 833 956 majestas.
876 876 908 939 5.
932 873 1058 940 Omnes
1069 878 1241 943 exercitus

140 977 257 1054 vestri,
273 995 459 1061 omnesque
473 976 660 1060 provinciae
676 977 887 1058 requiescere
901 984 933 1041 te
941 986 1021 1060 post
1033 985 1124 1044 tanta
1140 999 1242 1063 opera

139 1088 327 1162 utcumque
356 1076 456 1163 dequo
480 1078 594 1142 animo
619 1079 776 1156 tulemut,
799 1079 963 1162 imperare
989 1081 1133 1145 desiisse
1159 1103 1242 1146 nun·

139 1203 242 1267 quarn
258 1182 497 1250 crediderunt..
522 1183 554 1248 6.
578 1182 670 1261 Quid
692 1183 781 1246 enim
801 1190 904 1265 putas
927 1184 1000 1263 tibi,
1017 1184 1240 1263 Maximiano,

139 1287 163 1351 J
166 1305 267 1350 ovem
284 1285 397 1367 ipsum
418 1284 647 1366 respondisse,
663 1304 740 1347 cum
760 1290 795 1348 tu
818 1284 947 1365 ingenti
967 1286 1079 1349 animo
1099 1287 1239 1363 diceres,

140 1387 285 1470 Recipe,
295 1385 443 1470 Jupiter,
455 1385 546 1467 qnod
563 1384 808 1449 commodasti?
842 1385 923 1450 Hoc
939 1387 1241 1471 profectorespon·

138 1489 204 1553 dit:
236 1488 319 1554 Non
335 1493 484 1552 mutuum
500 1488 591 1552 istud
605 1488 667 1551 tibi
684 1487 817 1565 tradidi,
833 1488 892 1551 sed
907 1497 1084 1570 aetcrnum3
1108 1510 1175 1554 non
1190 1511 1240 1554 ra·

137 1582 258 1673 cipio,l
282 1591 344 1655 sed
361 1608 468 1654 servo.
504 1591 538 1654 7.
561 1589 680 1654 Statim
697 1589 807 1671 igitur,
820 1597 857 1654 ut
870 1593 1138 1675 praecipitantem
1154 1609 1237 1658 rem-³

137 1695 222 1776 pub.
233 1693 429 1769 resraenasti,
445 1697 477 1754 et
491 1693 714 1772 gubernacula
725 1691 894 1758 fluitantia
905 1694 1074 1776 recepisti,
1088 1697 1240 1759 omnibus

106 1793 219 1879 .'spes
253 1795 373 1860 salutis
405 1794 529 1858 illuxit.
588 1795 620 1858 8.
650 1792 822 1857 Posuere¹
852 1797 952 1869 venti,
981 1795 1095 1877 fugere
1122 1797 1241 1874 nubes,¹
1346 1821 1350 1830 ·

135 1898 260 1963 flnctus
277 1897 469 1962 residerent.
515 1897 559 1960 Et
574 1896 682 1960 sicubi
701 1896 808 1961 adhuc
824 1898 858 1960 in
872 1897 1163 1980 longinquioribus
1176 1903 1239 1962 ter-

137 2003 204 2066 ris·
225 2001 339 2083 aliqua
364 2000 559 2064 obversatur
583 2000 786 2077 obscuritas,
812 2005 871 2065 ant
897 1998 1049 2063 residuus
1076 2000 1240 2065 undarum

136 2104 260 2189 pulsus
274 2100 538 2176 immurmurats
547 2120 688 2166 necesse
703 2108 891 2180 esttamen,
906 2102 949 2166 ad
964 2107 1040 2166 tuos
1052 2101 1167 2166 nutns²
1188 2102 1239 2166 di-

134 2206 297 2282 lucescat,
311 2210 346 2269 et
361 2205 472 2268 sileat.

180 2308 272 2374 Gur.
301 2322 388 2372 xru.
426 2307 458 2371 1.
481 2306 566 2372 Dixi
586 2327 648 2391 pro
668 2309 798 2396 ratione
822 2305 992 2388 temporis,
1017 2305 1238 2371 sacratissimi

134 2410 323 2493 Principes,
339 2429 390 2486 ea,
402 2427 478 2492 quaa
495 2411 527 2472 in
543 2410 642 2473 vobis
656 2412 811 2488 invicem,
828 2412 867 2474 ut
880 2408 1007 2487 facitis,
1021 2407 1188 2486 admirari,
1204 2413 1239 2483 et

162 2539 181 2585 s
190 2541 276 2606 Aliqui
285 2549 340 2592 aaut
351 2543 475 2604 tumebat,
486 2547 509 2591 et
522 2542 630 2606 reliquiar
640 2545 752 2595 excitata
763 2543 1031 2608 tempestatufremaat.

595 2671 777 2696 ‘mnenon

132 2763 208 2814 fluet.
220 2763 245 2811 in
257 2761 326 2813 fine!
342 2764 436 2824 Joeger.
469 2763 544 2826 Mox,
556 2762 640 2812 Ltvln.
651 2762 719 2827 conj.
730 2769 755 2814 et
765 2763 913 2824 tamsucile5
925 2761 1026 2813 Acidal.
1036 2761 1237 2824 etjumsucilee-

132 2832 148 2878 t
168 2828 299 2888 Nunquam
314 2828 376 2876 caim
386 2843 401 2877 a
412 2835 436 2876 te
447 2829 516 2891 conj.
529 2827 630 2877 Acidal.
659 2829 712 2878 Pro
724 2830 789 2888 lieet,
806 2830 889 2878 Lirin.
905 2828 1088 2892 suspicabatur
1100 2826 1237 2890 legendum

133 2893 350 2950 cassandrea-d
369 2891 441 2942 ldem
462 2893 546 2944 Lirin.
564 2897 632 2957 conj.
649 2894 728 2943 animo
742 2895 851 2944 tulerint.
879 2893 992 2956 Guelph.
1014 2898 1036 2942 te
1053 2891 1239 2948 trutmoniam

128 2962 246 3021 μαι-6
263 2959 293 3008 In
308 2956 424 3006 Rhenum
434 2958 525 3019 Steph.
536 2966 563 3006 et
578 2966 652 3008 textu
666 2959 748 3007 Livia.
760 2959 834 3006 deest
844 2959 947 3021 recipio,
966 2959 1026 3006 lriuc
1037 2957 1118 3005 Rben.
1130 2957 1156 3006 iu
1169 2969 1236 3004 mar·

133 3025 194 3098 gine
206 3023 291 3080 notat.
307 3023 444 3084 legendum
459 3021 557 3082 forsan,
574 3024 872 3080 condemnatoriam.
907 3023 966 3071 Hoc
982 3022 1167 3085 ineptissimum
1179 3035 1237 3070 arse

127 3089 232 3151 judicat
242 3087 386 3144 Acidaliur,
399 3089 564 3151 reponitque,
581 3103 627 3137 aon
643 3089 724 3150 redde,
738 3091 779 3137 sed
793 3103 877 3147 aarum·
897 3088 978 3136 Lirin.
993 3102 1040 3137 nou
1051 3087 1149 3150 recipio,
1161 3100 1238 3138 aeram

134 3152 201 3203 Vide
219 3153 295 3202 Nott.
312 3152 437 3203 Vara-7
455 3153 519 3202 Voc.
532 3151 660 3216 fluitantia
675 3153 751 3202 abest
768 3169 783 3203 a
799 3151 962 3215 (strepa-s
981 3154 1136 3214 Compescere
1148 3153 1180 3201 al.
1193 3166 1238 3214 ap.

132 3218 252 3267 Rbeuau.
280 3217 382 3267 Parcere
393 3217 507 3279 Guelplr.
526 3218 586 3267 Vet.
604 3219 688 3267 Livio.
706 3218 813 3278 cuspin.
831 3219 945 3268 Rhenan.
959 3218 1085 3280 probante
1097 3216 1189 3266 Barth.
1202 3216 1235 3266 ad

130 3283 200 3333 Stat.
213 3283 285 3346 Sylv.
297 3286 361 3331 rua.
373 3285 431 3332 118.
461 3283 577 3338 Qaieurre
586 3283 627 3331 ed.
640 3282 725 3332 Lirin.
746 3282 981 3347 fluctuaresedsraat
993 3281 1160 3332 Moerleud.
1169 3282 1236 3332 Rue·

131 3350 193 3396 nau.
211 3346 301 3409 steph.
319 3347 427 3408 crispin.
448 3347 473 3406 s.
494 3348 626 3396 reciderant
645 3348 728 3396 Livio.
746 3349 831 3397 Paria.
849 3349 964 3398 Patarol.
981 3345 1076 3395 Cellar.
1087 3353 1236 3398 etrecentt.

133 3413 218 3462 Etiam
228 3412 304 3461 sicubi
315 3412 375 3461 Vet.
389 3412 472 3461 Lirin.
484 3412 584 3460 Bertiu.
598 3412 676 3461 Grut.
688 3413 775 3462 Paris.
787 3412 905 3460 Patarol.
920 3412 1012 3461 Cellar.
1026 3412 1110 3461 Banu.
1129 3413 1162 3462 al,
1175 3420 1236 3461 anta

131 3478 232 3540 Jaeger.
262 3478 295 3524 Et
304 3476 380 3524 sicubi
391 3476 451 3526 edd.
463 3483 523 3524 anta
536 3476 613 3525 Grut.
641 3478 809 3527 obversabatur
818 3477 931 3539 Guelph·
957 3477 1236 3538 obruanturP.Stepl1.

130 3540 372 3602 unritnffluelplr.
398 3547 455 3590 aute
470 3547 523 3590 tuos
541 3542 764 3594 aatmedd.rett.
791 3544 965 3592 adtestantur
977 3542 1235 3593 Vet.Puteau.Vet.

130 3607 218 3658 Lirim
230 3607 297 3654 Exc.
309 3606 389 3668 hang.
403 3605 472 3654 Gnd.
483 3605 569 3654 Moerl.

629 3709 736 3761 No'lAE

162 3819 175 3854 a
193 3810 251 3859 Nori
267 3808 366 3872 recipio]
386 3808 417 3858 ln
437 3815 602 3872 perpetuum,
620 3809 662 3856 sed
737 3815 746 3841 ⁸
764 3808 793 3857 lu
810 3807 1012 3871 longinquioribus
1028 3806 1111 3870 terris]
1129 3804 1235 3856 Iudicat

128 3902 205 3949 mro,
225 3886 257 3935 ad
279 3894 381 3949 tempus
400 3884 464 3934 illud
482 3884 567 3947 ipsum
589 3884 661 3934 brevi
704 3884 730 3933 in
748 3885 825 3935 Italia
843 3883 931 3934 turbas
950 3899 965 3934 a
983 3881 1120 3931 Maxentio
1137 3882 1235 3931 excita·

129 3960 183 4016 tibi
193 3964 350 4014 redditurus.
705 3968 753 4011 tas.
813 4018 815 4022 y
1231 3959 1233 3963 ’

160 4041 305 4105 ramere]
323 4038 660 4102 Virg.AEn.vrr.2⁷.‘Cum
736 4034 1235 4104 tamma]raanara1nege,araaua

129 4119 201 4170 renti
219 4131 338 4180 posuere,
350 4116 482 4181 omnisque
500 4121 608 4180 repente
621 4128 661 4165 re·
701 4118 762 4165 taos.

128 4197 199 4249 aedit
210 4197 317 4247 Fletus·
