2730 4726
187 295 275 364 1264
320 305 487 358 seusun
510 306 623 356 carr.
647 308 721 357 rao
744 309 928 361 rusraua.
951 312 1085 363 scnou.
1120 315 1175 364 ιν.
1192 301 1251 368 21.

190 459 271 526 dum
286 460 393 540 caput
415 450 520 537 sylvis
543 455 577 517 et
596 451 756 518 fluctibus
779 462 1011 538 exserentem
1034 464 1095 523 eut
1114 463 1159 538 te,
1178 460 1295 531 Maxi-

189 562 301 628 miane
322 555 451 630 Cesar,
481 553 639 619 Persicos
669 553 792 634 arcus,¹
821 558 1065 643 pharetrasque
1092 563 1293 633 calcantem.

187 665 221 732 8.
245 661 348 729 Nunc
364 657 465 734 enirn,
486 676 573 721 nuuc
597 656 729 723 demum
749 658 851 743 juvat
873 662 987 726 orbem
1002 671 1160 747 spectare
1176 665 1292 750 depic-

188 771 273 841 tum,
289 782 367 828 cum
381 762 417 825 in
431 760 491 826 illo
505 759 588 824 nihil
605 760 757 848 ridemus
771 761 926 829 alienum.
969 767 1003 828 4.
1026 766 1160 843 Habes,
1177 767 1225 833 V.
1239 769 1292 847 Ρ.,

189 866 296 934 studii
324 885 365 929 ac
391 863 465 929 voti
488 862 556 929 mei
580 863 837 946 professionem.
882 865 956 932 Abs
982 875 1016 932 tc
1039 876 1130 952 peto,
1154 876 1195 935 ut
1218 890 1292 936 eam

186 970 293 1037 literis
307 967 375 1033 tuis
390 965 482 1048 apud
498 984 613 1030 sacras
630 984 730 1031 aures
753 970 917 1052 prosequi
940 989 1007 1035 non
1032 973 1193 1052 graveris.
1240 974 1291 1037 Si·

187 1071 325 1157 quidem
338 1069 518 1140 maximus,
534 1087 575 1133 ac
591 1087 686 1151 paenc
702 1069 797 1133 solus
814 1068 947 1136 fruetus
970 1077 1024 1138 est
1043 1079 1134 1138 recta
1156 1076 1293 1158 cupien-

181 1176 284 1252 tium,
298 1179 336 1237 ut
351 1171 510 1236 voluntas
524 1189 639 1235 eorum
662 1168 705 1235 ad
728 1170 877 1237 divinam
899 1180 1068 1240 tantorum
1091 1174 1293 1260 Principum

185 1275 362 1342 scientiam
378 1272 574 1358 perferatur.

182 1525 269 1588 farore
277 1522 363 1588 mrito.
396 1520 450 1569 Pro
458 1524 615 1580 exurentem,
626 1518 734 1582 Cuspio.
749 1520 870 1570 ereuau.
886 1527 913 1571 et
924 1521 1015 1586 steph.
1026 1522 1123 1574 habent
1132 1533 1291 1580 exercentem.

186 1594 236 1639 -8
248 1589 304 1638 Vox
315 1590 408 1637 demum
417 1584 491 1633 deest
503 1585 528 1634 in
541 1584 600 1633 rod.
612 1585 700 1634 Mori.
712 1601 764 1634 eam
774 1586 827 1653 illo²
837 1586 930 1636 omissa
942 1590 1125 1651 propositione
1132 1590 1166 1650 ia,
1175 1592 1290 1656 Goelplr.

186 1655 308 1704 uideam
319 1652 456 1702 Meri—t
468 1651 526 1699 Vox
537 1649 614 1700 audii
630 1650 706 1700 abest
722 1666 738 1699 ι
749 1651 862 1713 Guelplr.
882 1652 925 1716 qui
943 1653 1026 1702 codex
1044 1668 1103 1703 mcx
1119 1656 1210 1713 habet,
1225 1663 1291 1707 reela

183 1718 465 1783 commarcarum
479 1716 597 1772 eduntur,
612 1717 655 1778 ἅμ.
687 1714 758 1766 Huic
771 1715 893 1766 Orationi
904 1715 1043 1781 subjicitur
1055 1720 1081 1769 in
1094 1719 1209 1786 Guelplr.
1221 1723 1292 1774 Finis

190 1783 276 1841 Quint.

610 1908 614 1914 -
679 1875 787 1927 NOTAE
837 1906 840 1913 =

304 1973 312 2010 ¹
329 1976 440 2027 Persicos
449 1973 530 2040 orcus]
546 1973 675 2038 iutelligit
686 1973 843 2025 Diocletiani
851 1973 887 2045 ¹tle
900 1975 1002 2028 Narseo
1012 1976 1158 2028 victoriam.
