2730 4726
397 345 452 393 ru.
478 345 562 393 vnn.
588 332 822 393 consranrrr
850 346 1005 396 eunom.
1166 333 1252 400 1269

143 497 247 569 certa,
262 495 299 555 ut
313 489 344 554 ei
360 489 582 571 omnibusque
598 488 783 567 videbatur,
801 509 862 573 spe
879 489 1043 556 victoriae.
1076 490 1144 556 Sed
1160 496 1251 573 ‘mae

141 595 191 661 ris
217 591 452 658 inclementia’
473 598 541 656 tum
566 593 657 657 sorte·
676 597 794 656 coorta
818 592 1038 657 Constantini
1054 601 1063 627 ‘
1082 596 1251 660 victoriam

140 697 237 762 fatali
264 696 409 780 quadam
436 696 640 758 necessitate
667 693 823 769 distulit,'
856 704 891 760 et
915 695 1105 774 Romanos
1132 701 1191 762 ‘in
1219 719 1253 763 ra
1299 728 1304 739 r

140 803 315 867 maritima
331 797 460 877 novo5,’
483 801 517 862 in
536 803 756 865 continentem
785 801 934 865 Galliam
950 821 984 865 re
1002 802 1127 866 infecta
1144 805 1251 869 redire

141 903 321 987 compulit.
367 901 483 981 Quare
512 921 630 985 pacem
656 922 733 966 cum
756 900 919 966 Carausio
934 904 1009 968 iniri
1026 924 1163 969 necesse
1178 907 1251 983 fuit,

139 1007 279 1091 ipsique
295 1005 417 1070 remitti
432 1006 552 1070 insulae
569 1000 756 1088 imperium.
802 1005 884 1070 Vid.
909 1007 1050 1090 Eutrop.
1066 1014 1101 1071 et
1117 1007 1251 1073 Victor·

142 1185 185 1252 Α.
204 1186 454 1253 ucnxnvr.
476 1186 771 1252 Christiccxcrrr.
795 1188 941 1254 Dioclet.
954 1189 1042 1273 Imp.
1055 1190 1249 1255 x.Maxim.

417 1290 505 1375 Imp.
522 1305 579 1356 rx.
600 1290 720 1357 Const.
737 1291 843 1356 AEtat.
863 1308 976 1355 xuni.

185 1410 409 1475 Constantius
437 1410 643 1494 expectabat
668 1410 774 1474 donec
802 1411 922 1475 melior
949 1413 1160 1496 oppugnandi
1187 1414 1252 1478 Ga-

139 1513 248 1578 rausii
264 1532 340 1576 sese
358 1512 491 1577 offerret
506 1515 664 1577 occasio:
689 1533 764 1576 cunr
778 1533 858 1577 ecce
868 1517 1039 1581 nuntiatur
1051 1514 1250 1581 carausium

140 1617 288 1699 septimo
302 1616 437 1680 ineunte
452 1617 638 1700 tyrannidis
654 1636 724 1680 suae
745 1636 831 1680 anno
853 1616 983 1681 Allecti
1005 1618 1179 1682 familiaris
1197 1617 1251 1682 sui

139 1719 221 1784 dolo
237 1719 463 1797 interemtum,
480 1719 561 1792 utis
577 1718 703 1782 sesain
720 1718 793 1802 ejus
810 1719 935 1798 locum,
960 1720 1010 1783 uti
1033 1719 1126 1797 secit,
1147 1722 1250 1785 intru-

141 1821 245 1887 deret.
291 1821 377 1886 Tum
400 1823 543 1904 primunr
570 1820 769 1886 Constantio
792 1840 882 1885 nova
909 1841 991 1904 spes
1016 1821 1139 1886 affulsit
1154 1843 1251 1888 recu·

137 1926 300 2010 parandae
316 1925 511 1990 Britanniae.
558 1925 681 2009 Itaque
709 1922 1028 2007 ‘Asclepiodotum
1051 1922 1177 2008 (inquit
1207 1924 1250 1989 A.

137 2027 279 2114 Victor)
294 2029 354 2113 qui
379 2029 593 2112 praetorianis
610 2029 792 2112 praefectus
818 2035 901 2105 erat,
924 2047 997 2091 curn
1014 2033 1110 2110 parte
1126 2027 1249 2091 classis

138 2138 174 2196 et
188 2132 356 2214 legionum
375 2131 538 2195 adversus
555 2151 681 2194 novum
697 2137 875 2215 tyrannum
891 2127 1092 2213 praemittit,’
1107 2149 1183 2192 cum
1195 2149 1248 2192 re·

135 2233 240 2318 liquis
258 2233 370 2316 copiis
391 2234 464 2317 ipse
482 2235 738 2298 subsecuturus.
784 2232 1063 2316 Asclepiodotus,
1080 2232 1248 2296 beneficio

136 2336 316 2427 spissioris
342 2324 474 2400 nebulae
499 2335 779 2411 inimicaclasse,
801 2355 876 2419 quaa
893 2334 983 2418 apud
1001 2333 1248 2398 Vectanrinsu·

134 2437 203 2502 lam
221 2438 256 2500 in
274 2438 420 2521 speculis
442 2444 474 2502 et
489 2437 623 2502 insidiis
644 2438 815 2502 collocata
831 2445 912 2512 erat,
931 2444 1031 2502 caute
1048 2437 1187 2515 evitata,
1202 2421 1248 2501 sess

133 2540 243 2606 liciter
257 2539 292 2603 in
320 2541 528 2606 Britanniam
551 2542 708 2625 appellit.
755 2541 889 2606 ‘Simul
917 2539 1080 2605 universis
1102 2540 1246 2604 navibus

133 2644 229 2726 ignes
246 2643 363 2728 injicit,
378 2649 415 2708 ut
436 2645 527 2708 nullo
541 2645 630 2726 fugae
651 2664 724 2709 suae
743 2643 906 2727 praesidio
921 2649 1106 2715 reservato,
1124 2641 1157 2704 in
1173 2642 1248 2706 sola

133 2746 280 2812 victoria
304 2765 400 2830 spem
426 2743 609 2830 ponerent,'
631 2746 761 2828 Paneg.
787 2765 820 2808 v.
836 2747 890 2810 15.
929 2744 1099 2820 Allectus,
1125 2743 1242 2808 audito

133 2849 252 2913 nuntio
270 2847 435 2914 adventus
445 2847 643 2924 Constantii,
651 2849 695 2913 ab
707 2869 748 2912 co
760 2850 874 2913 littore
886 2848 1039 2926 (sortasse
1049 2847 1242 2928 Rutupino)

133 2952 336 3027 abscedens,
351 2951 495 3017 classem
512 2958 711 3035 portumque
728 2953 886 3027 deseruit,
899 2949 958 3015 sed
975 2949 1058 3013 mari
1074 2947 1238 3012 Constan-

133 3054 217 3118 tium
235 3055 378 3136 fugiens,
396 3055 529 3118 terrain
545 3049 826 3138 Asclepiodotum
843 3053 972 3130 incidit,
995 3072 1015 3116 a
1039 3072 1106 3136 quo
1129 3051 1237 3117 victus

131 3155 392 3249 interiectusque
408 3160 472 3234 est,
499 3164 534 3220 et
560 3157 652 3220 cultu
676 3157 747 3234 illo,
770 3177 871 3241 quem
896 3156 992 3220 vivus
1017 3159 1236 3230 assumserat,

131 3267 254 3342 sponte
270 3259 441 3342 deposito,
457 3261 541 3323 inter
555 3279 719 3324 caesorum
735 3260 881 3324 hostium
898 3277 1047 3334 acervos,
1065 3257 1124 3321 vix
1141 3257 1236 3321 unius

130 3364 308 3428 velaminis
322 3375 477 3445 repertus
500 3362 638 3427 iudicio.
683 3362 824 3426 Barbari
844 3360 1049 3445 complures,
1065 3359 1233 3442 inprimis-

130 3484 196 3548 que
211 3465 350 3544 Franci,
367 3485 411 3529 ex
426 3466 542 3549 praelio
557 3464 746 3529 Londinum
763 3485 837 3528 sese
851 3465 1035 3546 recipiunt3
1058 3461 1232 3542 fugissent·

129 3589 195 3653 qua
210 3567 346 3651 direpta
368 3571 448 3633 urbe
471 3568 720 3652 copiosissima,
736 3569 802 3631 nisi
819 3587 839 3631 a
854 3566 1044 3631 Constantii
1067 3564 1232 3628 militibus

129 3671 287 3756 oppressi
310 3670 529 3735 cecidissent.
574 3670 775 3735 Constantio
791 3671 826 3733 in
844 3670 937 3733 littus
957 3666 1141 3751 egredienti
1156 3666 1231 3729 Bri-

128 3773 219 3838 tanni
237 3793 312 3838 cum
327 3773 445 3855 plausu
464 3779 497 3837 et
512 3774 755 3863 acclamatione
778 3793 853 3836 sese
878 3792 954 3836 cum
976 3770 1180 3851 conjugibus
1197 3772 1230 3831 et
1304 3764 1306 3768 ’

127 3873 241 3940 liberis
258 3875 410 3954 atterunt,
426 3895 466 3958 ac
483 3877 647 3941 libertatis
657 3897 729 3942 suae
744 3876 872 3940 vindici
888 3875 1105 3957 gratulantur.
1151 3869 1230 3934 Hac

128 3978 270 4042 victoria
284 3998 351 4041 non
366 3992 568 4062 recuperatae
583 3979 685 4044 modo
697 3988 773 4063 post
784 3979 901 4044 decern
915 3996 1019 4041 annos
1032 3973 1227 4049 Britanniae,

128 4081 188 4146 sed
214 4081 354 4159 Galliae,
381 4081 573 4165 Hispaniae,
601 4083 724 4162 ltaliae,
749 4089 850 4167 atque
866 4081 992 4144 Africae
1009 4098 1028 4142 a
1046 4067 1231 4160 piratarum

127 4183 374 4249 incursionibus
388 4183 554 4250 liberatae.
600 4185 702 4252 Missi
718 4186 796 4252 inda
812 4183 955 4251 artifices
975 4165 1031 4245 ad'
1043 4178 1235 4250 Galliarum.
