2730 4726
144 300 232 366 1616
544 320 679 371 uratur
705 322 841 374 racem

144 466 236 531 omni
250 464 398 530 severius
412 466 619 550 quaestione
639 477 704 547 est,
718 489 740 533 a
754 475 786 534 te
800 471 1007 553 interrogari.
1049 475 1086 542 6.
1108 476 1166 542 Ad
1180 479 1244 564 pri.

142 587 231 632 mam
254 573 345 631 tuam
362 587 484 634 vocem
508 569 636 634 nefario
663 573 790 654 pectori
815 593 964 638 excussa
988 578 1161 644 confessio
1182 592 1241 656 est,

141 689 206 734 nec
228 671 380 735 cunctari
404 672 522 735 saltem
548 679 608 735 aut
629 674 808 738 mussitare
825 676 948 757 potnit,
963 679 1043 760 quin
1067 683 1242 747 consiliam

142 793 240 840 omne
255 773 425 851 nudaret,'
437 793 474 838 se
488 773 649 839 videlicet
670 775 794 840 favoris
817 778 869 852 tui
889 780 1084 846 obtendisse
1099 799 1241 866 praetex.

140 883 224 955 tam,
239 876 329 961 quod
345 875 442 941 aliter
455 895 521 940 uon
537 877 708 960 potuisset
722 878 855 942 allicere
876 881 1020 946 militam
1032 888 1242 967 societatem,

140 980 205 1043 nisi
220 999 258 1044 se
273 980 517 1044 auctoramenti
532 976 596 1044 tuli
611 978 768 1046 finxisset
781 988 979 1048 auctorem!

184 1082 275 1148 Gar.
300 1099 406 1146 xnrv.
450 1083 484 1146 l.
505 1081 550 1147 Et
572 1090 652 1166 post
674 1081 760 1147 banc
786 1088 821 1148 ta
848 1103 966 1150 rocem
996 1106 1064 1150 non
1090 1091 1242 1156 illumin

139 1202 272 1250 crucem
295 1184 384 1263 tolli,
404 1205 472 1249 non
494 1185 590 1250 culeo
612 1185 711 1295 inspi,
733 1205 801 1250 uon
824 1186 969 1271 discerpi
986 1190 1021 1252 iu
1042 1191 1153 1257 frusta
1171 1194 1243 1278 jas·

139 1289 239 1353 sistit
261 1308 328 1353 nou
343 1296 515 1372 postremo
529 1289 622 1353 illam
637 1289 721 1353 tanti
734 1309 825 1353 ream
843 1290 1009 1356 mandacii
1030 1293 1179 1376 linguam
1192 1315 1241 1359 ra·

138 1393 261 1459 dicitas
275 1393 344 1456 erui
360 1393 563 1476 praecepisti,
577 1410 654 1455 cum
674 1409 788 1455 eoram
809 1400 903 1474 parte
919 1394 1088 1474 vitalium,
1102 1417 1241 1479 qaorum

136 1497 245 1561 fuerat
258 1496 373 1559 locuta
387 1503 609 1559 commentam
618 1495 653 1558 t·
695 1495 726 1559 2.
751 1494 842 1575 Quin
852 1496 926 1579 Jam
939 1516 1098 1581 coeperas
1112 1500 1157 1563 de
1173 1501 1240 1584 ejus

136 1607 245 1663 morte
261 1598 422 1673 dubitare,
435 1603 468 1661 et
489 1596 661 1680 dejeceras
681 1597 813 1675 oculos,
828 1606 861 1663 et
877 1598 1009 1663 vultum
1032 1601 1158 1665 rubore
1177 1603 1239 1668 sns-

136 1702 282 1779 fuderas,
309 1707 447 1764 etcum
475 1700 707 1765 misericordia
728 1700 928 1784 loquebaris.
974 1700 1043 1766 Sed
1067 1703 1155 1768 bene
1181 1712 1239 1782 est,

137 1805 231 1890 quod
246 1823 313 1869 uou
328 1801 441 1867 omnia
460 1806 577 1885 potes:
599 1803 648 1866 tui
670 1809 703 1866 te
717 1799 902 1867 vindicantj
923 1809 958 1867 et
972 1804 1127 1868 invitum.
1172 1806 1237 1871 Ra·

136 1908 229 1990 pitur
250 1925 330 1988 ergo
346 1925 391 1970 ex
414 1899 599 1983 oculisstet
618 1904 760 1987 nequid
781 1905 881 1968 licere
903 1912 1019 1989 posset
1039 1908 1237 1987 clementiae,

135 2011 217 2074 iuter
232 2009 423 2073 innumeras
438 2026 559 2071 manus
570 2005 674 2070 fertur
689 2005 733 2070 ad
750 2014 899 2071 mortem.
943 2008 976 2073 3.
1000 2008 1092 2073 Ecce
1108 2011 1237 2089 iterum,

135 2110 333 2194 Imperator,
353 2110 527 2188 averteris,
542 2117 578 2172 et
599 2108 695 2173 illam
717 2109 881 2192 tyrannici
907 2110 1020 2173 exitas
1041 2113 1234 2178 relationem

134 2212 305 2294 gravaris!
348 2211 440 2289 Jam,
456 2211 530 2296 jam
554 2217 626 2275 esto
649 2230 802 2288 securus,
821 2229 933 2292 geram
956 2212 1148 2279 clementiae
1171 2223 1233 2279 tua

134 2332 276 2395 morem;
303 2315 394 2397 quod
418 2314 558 2378 noluisti
581 2312 700 2388 videre,
726 2332 793 2376 nou
823 2312 952 2376 audies.
994 2317 1025 2377 4.
1050 2314 1147 2394 Huc,
1173 2319 1233 2382 huc

135 2425 226 2481 totas
241 2419 288 2501 pii
307 2423 401 2481 vates
421 2417 592 2481 doctarum
612 2415 758 2478 noctium
781 2415 934 2478 conferte
956 2435 1067 2495 curas
1081 2419 1148 2482 boo
1169 2441 1232 2483 om·

165 2610 177 2634 ⁹
194 2602 282 2651 Diriua
292 2603 355 2651 omni
366 2607 490 2650 tormenta.
749 2607 766 2632 ¹⁰
783 2600 869 2649 Palam
876 2599 981 2658 faceret.
1003 2603 1007 2613 “

164 2675 176 2698 ²
195 2669 253 2717 Niri
263 2667 462 2716 etauctoritatem
473 2667 515 2715 ulra
530 2666 675 2729 teaccepiaee
685 2666 827 2713 simulasset.

165 2740 178 2764 ⁰
195 2734 397 2795 Proecordiorum‚
407 2746 506 2794 qnorum
516 2733 662 2779 mendacium
673 2732 813 2792 protulerat.

164 2796 175 2830 ⁶
193 2799 228 2848 Et
239 2799 306 2847 illam
316 2801 345 2848 da
360 2800 427 2847 exitu
440 2797 539 2861 tyranni
550 2798 710 2845 narrationem
719 2794 819 2856 refugia.

132 3007 380 3072 vaticamGuelplr.
406 3007 489 3058 Habet
498 3021 563 3056 mene
576 3006 644 3068 conj.
664 3004 764 3054 Acidal.
789 3010 839 3053 ate
855 3004 998 3064 interrogati
1008 3007 1040 3052 ad
1049 3007 1153 3067 primam
1170 3009 1231 3056 Ero.

130 3074 325 3122 Sobonbov.-6
345 3072 412 3122 Edd.
431 3080 495 3120 vett.
511 3072 614 3121 militam
631 3073 770 3128 societater;
796 3071 857 3117 Vet.
877 3070 989 3117 Puteun.
1005 3071 1070 3118 Exc.
1090 3073 1231 3122 Sclronbor.

131 3139 245 3202 (luelplr.
258 3140 290 3187 al.
301 3154 332 3187 m.
343 3139 486 3187 societatem.
520 3138 594 3197 Mox,
605 3137 663 3186 cod.
675 3134 769 3185 Scbeff.
785 3136 833 3183 nisi
851 3134 1022 3182 auctoramenti
1036 3137 1073 3185 tui
1084 3145 1108 3184 te
1118 3137 1231 3201 finxisset

129 3210 263 3262 auctorem
289 3205 391 3253 Bertiu.
403 3203 451 3251 niai
463 3203 534 3251 taire
548 3207 676 3250 auctorum.
686 3199 838 3265 finxissent;
864 3200 931 3247 unde
944 3201 1028 3247 Lirin.
1041 3201 1091 3248 nisi
1102 3205 1139 3249 aui
1151 3209 1232 3252 teauc-

130 3270 215 3317 t'oram.
225 3270 358 3332 ‘tinxmren
376 3269 486 3318 Ritterr.
498 3266 547 3316 aiei
556 3273 578 3315 te
589 3266 758 3315 auctoramenti
769 3266 806 3313 rui
816 3265 932 3328 finxisset
942 3269 1076 3320 auctorem;
1096 3268 1174 3316 Grut.
1187 3268 1232 3316 riri

129 3334 300 3382 auctoramenti
309 3336 347 3384 aui
358 3340 381 3384 tc
389 3334 506 3399 finxisset
514 3339 651 3390 auctorem·
669 3331 837 3379 Ritterahasii
849 3331 1023 3392 conjecturam
1033 3330 1159 3381 exhibeat
1168 3334 1231 3381 Erro.

128 3398 318 3512 semitam
344 3469 356 3512 l
376 3462 490 3524 Guelplt·
508 3477 554 3510 mm
568 3467 684 3525 postremo
701 3461 796 3509 illi—2
814 3461 867 3510 Pro
883 3459 919 3508 tui
934 3463 958 3507 te
973 3460 1108 3514 vindicant.
1126 3463 1232 3511 Ritters.

128 3528 265 3594 legendum
284 3529 396 3592 putarit,
415 3528 460 3576 Dii
476 3532 498 3576 te
514 3529 691 3577 vindicant-3
711 3525 799 3575 Eccei.
816 3526 839 3573 1.
859 3526 992 3574 adverteris
1010 3525 1126 3590 Guelplr.
1160 3528 1231 3577 Idem

624 3650 732 3703 NOTAE

159 3753 167 3787 ¹
183 3752 360 3802 auctoramenti
368 3752 403 3801 tui
413 3751 473 3816 [rai]
488 3751 564 3801 Hunc
573 3753 656 3801 lacurn
697 3752 798 3814 Paneg.
807 3756 906 3801 v11.20.
917 3751 961 3801 ubi
971 3753 1114 3802 Eumenius
1124 3754 1156 3801 ad
1164 3744 1230 3802 Con·

128 3831 231 3880 restitui
249 3845 283 3878 ex
294 3831 434 3879 Viennensi
451 3830 566 3878 editione
577 3830 656 3878 omui·
696 3829 837 3877 atantiuum
850 3827 882 3874 de
894 3828 1056 3876 Maximiano
1066 3828 1146 3878 simili
1156 3831 1229 3893 plane

127 3920 221 3970 nmque
233 3906 402 3970 interpretum
415 3906 611 3955 emendatione·
622 3906 654 3954 Ia
696 3907 799 3955 ratione
812 3920 831 3970 a
848 3905 973 3954 militibus
990 3905 1077 3954 occiso
1091 3922 1098 3954 :
1121 3907 1129 3935 ‘
1143 3907 1188 3956 Dii
1205 3915 1230 3955 te

128 3982 184 4031 aliia
196 3990 245 4044 ert,
256 3983 333 4032 abiae
343 3981 514 4032 auctoramenti
524 3981 655 4046 tuiflnxis·
696 3980 848 4037 vindicaut‚'
860 3982 955 4045 iuquit,
967 3982 975 4007 ‘
985 3983 1026 4029 vel
1036 3982 1166 4032 ianuam?

126 4063 161 4106 ret
178 4064 303 4108 auctorem.
338 4060 377 4108 De
393 4060 441 4109 lrae
457 4072 520 4109 voce
536 4072 613 4120 supra
629 4058 654 4106 iu
728 4057 740 4090 l
759 4058 865 4120 Rapitur
875 4073 931 4120 ergo
942 4074 973 4108 ex
989 4057 1074 4121 oralia]
1094 4061 1139 4110 Ita
1150 4059 1230 4111 ret'ert

127 4132 226 4196 Paneg.
240 4148 265 4181 v.
278 4139 316 4183 te.
697 4137 826 4189 Socrates.

157 4209 165 4251 l
183 4210 228 4258 Tui
238 4215 262 4260 tc
271 4211 407 4275 vindicant]
423 4213 540 4264 sumtum
550 4211 611 4261 illud
623 4228 655 4261 ex
