2730 4726
373 323 430 376 sn
453 323 674 379 asarenam
700 323 1019 380 enumanrrourr·
1160 313 1247 383 nur

135 486 203 552 qne
220 466 354 544 froiam
366 472 400 532 et
418 467 581 537 consonis
600 466 768 552 inperia·
813 468 900 553 cap.
918 485 990 537 vu¹
1001 468 1037 537 2.
1058 470 1248 540 ‘Dividere

115 638 118 642 ,
134 569 222 639 inter
233 588 299 639 vos
313 568 376 636 Dii
390 569 596 638 immortales
610 571 848 637 suabeneiicia
863 591 929 638 non
946 580 1104 655 possunt.
1139 573 1244 653 Quie-
1329 652 1334 663 ¹

133 670 218 756 qaid
235 671 387 739 alterutri
401 678 592 754 praestatur,
608 675 785 743 amborum
798 671 873 743 est!
894 676 957 760 57.
980 681 991 709 ‘
1009 674 1247 758 Intelligimns,

135 774 363 844 sacratissimi
386 774 581 858 Principes,
596 776 762 858 geminum
784 777 895 853 robis,
912 778 1070 860 quamvis
1090 777 1248 861 dispares

134 875 214 945 sitis
237 877 410 955 annuus,
430 878 544 944 inesse
568 897 779 958 eonsensum,
795 926 806 944 .
821 925 856 944 ..
878 879 1025 945 inuicem
1046 884 1176 946 vestms
1196 881 1248 948 ai-

133 979 274 1047 tentatis
296 998 418 1047 nanos
459 979 519 1045 Sic
543 982 644 1046 ambo
662 984 746 1048 estis
761 982 925 1066 juniores,
946 976 1053 1048 ambo
1069 983 1247 1049 seniores.⁸

135 1078 285 1149 ceneta
295 1100 385 1158 reto,
399 1081 533 1149 eosdem
553 1083 615 1149 bos
630 1083 859 1166 Imperatores
872 1085 991 1150 eadem
1007 1087 1139 1156 ratione
1152 1092 1247 1171 pest·

134 1180 214 1252 nne
233 1183 444 1252 ricerimaii'a
466 1203 544 1262 sua,
564 1185 629 1251 boc
652 1191 717 1266 est,
739 1187 940 1257 vicesimam
964 1206 1085 1260 aunum
1111 1188 1248 1272 imperii

135 1284 204 1362 ati,
219 1285 322 1353 mmai
344 1285 531 1371 meamque
554 1293 703 1369 tempore
725 1289 921 1366 celebrasse,
937 1291 1091 1372 quamvis
1109 1311 1175 1355 non
1189 1290 1245 1357 die

132 1391 170 1457 et
187 1406 276 1455 anno
296 1388 416 1456 andem
435 1391 578 1472 primum
594 1391 826 1474 suscepissent
839 1392 971 1474 imperii
990 1393 1145 1476 insignia.
1190 1391 1248 1461 De

134 1508 226 1559 anuo
251 1495 377 1569 autem,
397 1480 466 1575 qao
490 1491 578 1558 hano
607 1492 853 1577 Panegyricum
877 1494 1029 1559 habitum
1053 1514 1130 1560 esse
1156 1493 1245 1572 dixi,

132 1594 304 1662 consentit
316 1595 417 1661 etiam
432 1592 605 1660 Antonius
616 1595 701 1678 Pagi
721 1596 756 1658 ia
777 1596 924 1661 Dissert.
939 1597 1124 1682 Hypatica,
1140 1597 1189 1662 P..
1200 1613 1248 1663 rte

132 1713 168 1762 n·
179 1693 224 1763 8.·
235 1695 439 1783 ‘Panegyris
452 1698 509 1789 illa
525 1696 740 1772 Mamertini,'
753 1698 874 1781 inquit,
888 1699 1000 1764 ‘dicta
1013 1700 1143 1766 ridetur
1154 1720 1243 1766 annu

135 1795 362 1869 cunstitui.
383 1798 476 1885 (ml.
500 1801 646 1884 exprimi
670 1799 820 1884 debuit)
840 1808 920 1884 post
945 1807 1085 1885 utraque
1105 1801 1245 1887 (nempe

133 1897 297 1968 Cmarea
317 1906 350 1967 et
369 1900 589 1986 Augustalis)
602 1904 645 1969 ab
666 1903 785 1973 eodem
801 1904 964 1969 Herculio
980 1904 1244 1986 quinquennalia

132 2003 329 2103 eelebrata3
350 2026 429 2071 eum
451 2007 542 2072 dicat
564 2007 698 2085 Orator,
715 2027 753 2072 se
768 2008 970 2084 orationem,
986 2025 1088 2090 qaam
1105 2025 1245 2090 compos

132 2113 260 2185 senat,
281 2109 357 2192 ejas
380 2109 620 2174 decennalibus
642 2129 834 2190 reservare3
864 2110 900 2173 in
922 2128 1032 2192 eaque
1053 2108 1179 2177 nullam
1201 2107 1242 2172 de

132 2205 335 2274 Constantio
360 2210 485 2275 chloro
507 2219 540 2275 et
562 2210 699 2276 Galerio
723 2210 949 2290 Maximiano,
973 2211 1032 2294 qui
1052 2229 1143 2276 anua
1162 2209 1240 2277 292.

132 2311 295 2378 Caesares
315 2315 501 2396 nuncupati
523 2321 613 2391 sunt,
631 2314 830 2378 mentionem
846 2312 974 2378 faciat!
1020 2312 1146 2395 Magna
1160 2332 1240 2378 vero

132 2419 209 2478 erat
230 2413 396 2497 ejusmodi
419 2415 589 2491 natalium,
612 2414 920 2498 quinquennalium,
943 2423 975 2479 et
997 2414 1240 2492 decennalium,

129 2514 334 2597 celebritasg
362 2516 419 2580 cai
443 2516 535 2582 diem
559 2516 721 2593 dicatum,
745 2505 933 2594 sacrificiis,
956 2517 1058 2593 votis
1080 2516 1182 2595 ludis,
1205 2527 1241 2580 et

82 2613 84 2617 ⁴
130 2617 227 2685 omni
247 2635 364 2699 &aare
382 2618 530 2701 publicae
549 2620 681 2685 laetitias
697 2638 738 2682 ae
753 2618 1000 2701 gratulationis,
1016 2618 1165 2702 populus
1180 2619 1243 2684 mi-

130 2720 279 2803 litesque
294 2720 518 2802 transigebant
530 2722 683 2799 laareati,
696 2725 740 2799 et,
749 2721 842 2803 quod
857 2721 1100 2798 Tertullianus,
1115 2721 1158 2784 de
1173 2721 1240 2786 Co-

128 2837 229 2898 nana,
244 2841 319 2907 cap.
333 2824 391 2888 35.
405 2831 559 2900 testatur,
575 2824 673 2890 loeas
691 2817 727 2888 et
741 2825 863 2888 ohoros
876 2824 1068 2889 educebant
1080 2824 1116 2886 in
1130 2823 1243 2905 publi„

130 2915 225 3004 cnm,
237 2925 375 2990 vicatim
390 2926 617 3009 epulabantur,
632 2927 759 2990 laureis
771 2926 936 2991 ornabant
950 2933 1080 3009 pestes,
1092 2924 1241 2991 lacernis

129 3026 222 3092 diem
244 3027 478 3110 infringebant,
492 3037 538 3106 et,
554 3028 717 3112 quicquid
741 3034 911 3113 poterant,
928 3027 1110 3094 bonoribus
1125 3029 1239 3112 Impe-
1257 3063 1260 3075 ›

129 3136 280 3200 natorum
302 3131 551 3215 impendebant,
567 3133 668 3209 ac,si
691 3130 852 3197 adessent
871 3137 1019 3196 oratores
1040 3123 1193 3210 ineundi,
1205 3132 1240 3198 bi

130 3234 248 3307 omnia
266 3235 358 3299 bona
377 3235 546 3314 dicebant,
562 3235 863 3318 imperatorumque
879 3255 934 3299 res
950 3241 1066 3316 gestas
1079 3235 1241 3300 laudibus

128 3335 328 3401 evehebant.
371 3337 446 3402 Etsi
462 3355 540 3402 vero
553 3338 681 3403 nullum
695 3338 833 3402 evidens
847 3336 1007 3402 indicium
1022 3357 1065 3401 ex
1081 3337 1148 3402 hoc
1164 3339 1240 3421 ipso

129 3439 340 3522 Panegyrico
356 3432 476 3519 elucet,
492 3459 560 3524 quo
575 3441 609 3504 in
624 3441 701 3507 looo
717 3439 956 3521 atrocitates,
981 3439 1014 3503 id
1036 3445 1148 3504 tamen
1168 3458 1238 3504 oen

128 3546 201 3606 inm
222 3550 287 3618 est,
302 3562 378 3607 eum
394 3548 489 3609 extra
503 3545 618 3608 urbem
634 3543 781 3617 Romam
796 3541 904 3606 fuisse
919 3541 1082 3606 habitum·
1126 3541 1237 3618 imme

128 3643 232 3712 faoile
252 3645 428 3710 subscribo
453 3645 604 3730 sigonio,
632 3646 826 3723 Brouwero,
848 3649 883 3708 et
904 3643 993 3722 aliis,
1017 3644 1239 3719 tradentibus,

127 3746 305 3820 recitatum
327 3767 405 3812 ense
426 3747 595 3826 Treveris,
610 3748 668 3814 ubi
691 3756 775 3817 tuno
794 3747 993 3813 commorari
1016 3751 1238 3820 consueverat

129 3846 378 3914 Maximianus.
421 3850 644 3916 Treverorum
666 3850 790 3915 civitas
804 3848 879 3934 jam
900 3850 944 3914 ab
966 3848 1132 3930 Augusto,
1147 3865 1236 3912 anna
1297 3919 1300 3926 ,

127 3957 205 4021 ante
221 3949 389 4017 Christum
404 3959 519 4024 natam
533 3953 747 4030 duodecimo,
761 3952 854 4017 laeta
868 3957 942 4017 erat
955 3950 1091 4018 oolonia
1106 3947 1234 4015 Roma«

125 4068 255 4120 norum.
300 4054 341 4119 lu
364 4053 500 4126 Notitia
519 4055 697 4145 utriusque
717 4053 859 4139 Imperii
879 4053 1000 4119 dieitur
1019 4051 1234 4128 ‘Provinciae

126 4149 281 4240 Belgica
298 4157 421 4242 primae
442 4157 660 4244 Metropolis,
683 4159 810 4227 civitas
829 4151 1074 4223 Treverorum!
1121 4154 1235 4223 Satri·
