2730 4726
78 349 81 358 ·
133 299 223 374 1186
361 320 396 370 c.
417 318 453 370 n.
474 313 694 370 soawrmn
720 313 1011 373 enon-neonem·

135 465 245 532 tantia
265 465 379 531 testari
399 464 574 543 voluerint,
590 462 806 530 nibilominus
824 473 958 549 gentem
973 465 1238 534 Christianorum

50 556 57 570 ⁶
134 568 270 633 tandem
296 587 317 631 a
341 587 380 632 se
407 572 607 651 prostratam
630 587 672 632 ao
696 568 932 652 triumphatam
955 589 1043 635 esse.
1088 569 1135 634 Et
1159 590 1239 636 sane
1272 610 1274 617 ,

134 673 207 737 lraeo
226 671 304 753 ipsa
322 671 396 735 laus
416 671 460 734 ab
482 676 620 754 utroque
641 670 707 735 hoc
723 670 874 752 Augusto
895 671 997 755 impie
1017 673 1119 737 etiam
1135 673 1170 737 in
1184 691 1239 737 ve·

134 779 204 838 tere
226 773 341 858 lapide
363 772 509 856 quaesita
529 780 591 849 est,
613 792 710 856 quem
736 773 853 857 paullo
875 779 950 838 anto
969 792 992 838 e
1013 772 1163 841 Grutero
1184 776 1239 841 de·

35 931 42 942 ,
133 876 266 960 scripsi.
317 875 480 958 Idemque
498 876 665 941 observet
690 874 1025 959 Spanhemius,.istis
1048 877 1238 944 hominibus

131 979 327 1045 sumentibus
350 977 457 1041 visum
480 997 557 1041 esse
580 978 770 1061 symbolum
795 977 936 1061 Hydrae,
954 978 990 1042 in
1011 977 1079 1043 boc
1100 998 1239 1054 nummo

133 1099 314 1166 expressae,
329 1078 421 1144 baud
444 1079 533 1143 male
556 1080 694 1144 scilicet
715 1080 882 1164 quadrare
904 1080 941 1143 in
963 1079 1189 1161 Christianos,
1204 1087 1239 1148 et

133 1183 263 1247 sociam
275 1182 462 1264 utriusque
477 1179 627 1264 Augusti
649 1182 683 1244 in
706 1201 749 1268 ea
763 1187 859 1245 secta
873 1180 1073 1247 debellanda
1087 1202 1240 1266 operam.

133 1285 244 1351 Etiam
260 1284 423 1366 Begerus,
439 1303 516 1348 cum
531 1283 674 1348 eundern
695 1303 879 1361 nummum,
891 1284 931 1348 in
945 1281 1120 1350 Thesauro
1137 1285 1238 1352 Pala·

133 1388 215 1465 tino,
229 1407 306 1470 pag.
321 1385 396 1449 361.
413 1386 581 1468 explicat:
604 1385 724 1452 ‘Licet
745 1384 801 1450 bic
821 1386 1000 1465 nummus‚'
1024 1387 1145 1471 inquit,
1167 1387 1240 1453 ‘ad

131 1496 324 1575 prostratos
347 1486 549 1552 Maximiani
571 1487 687 1553 hostes
707 1489 827 1570 procul
843 1488 947 1553 dubio
965 1491 1011 1553 sit
1025 1488 1240 1571 reserendns;

128 1586 289 1657 fortassis
304 1597 417 1655 tamen
433 1586 476 1654 ad
493 1588 763 1673 persecutionem
780 1590 881 1654 etiam
896 1589 1168 1656 Christianorum
1183 1611 1239 1657 re·

28 1719 31 1723 ·
129 1693 244 1760 tulerit
265 1693 366 1757 bomo
388 1690 551 1756 ethnicas.
592 1689 789 1769 Christiani,
809 1699 847 1758 ut
869 1693 987 1775 palma
1007 1687 1146 1772 nobilis,
1161 1692 1263 1778 ipsa„

124 1797 166 1862 -in
188 1796 381 1861 calamitate
404 1810 591 1872 surrexere,
606 1801 640 1859 et
661 1813 705 1857 ex
725 1794 880 1858 cladibus
901 1795 974 1858 suis
991 1796 1240 1862 nummosiores

129 1897 307 1984 prodiere:
333 1898 368 1962 id
393 1896 519 1962 inimici
542 1903 818 1981 comparaverunt
841 1894 984 1980 Hydrae,
1006 1912 1084 1980 quas
1106 1903 1140 1961 et
1158 1897 1240 1982 ipsu

130 2008 211 2086 post
235 2001 352 2068 clades
375 2001 603 2066 numerosiore
621 2001 779 2083 capitum
802 2000 937 2064 luxuria
958 1998 1238 2066 increvisserne-

128 2100 317 2170 moratur?
346 2103 437 2183 Quae
448 2104 531 2168 dum
547 2104 672 2181 scribo,
684 2102 768 2167 'mibi
784 2102 819 2166 in
834 2109 980 2166 montem
997 2101 1097 2179 venit,
1108 2113 1155 2166 uu
1170 2117 1239 2168 non

128 2214 261 2273 veteres
283 2206 471 2291 Mythologi
489 2205 658 2287 fingendae
675 2205 801 2273 fabulae
816 2204 1002 2288 'de'Hydra
1014 2203 1239 2270 occasionem
1261 2251 1265 2258 .

127 2308 282 2393 ceperint
306 2327 328 2373 a
352 2308 491 2392 polypis
513 2307 662 2381 marinis,
687 2307 730 2372 de
755 2307 882 2392 quibus
907 2322 1134 2390 quascumque
1154 2320 1239 2397 *pers

128 2417 309 2503 resecetur,
324 2409 423 2475 bodie
440 2409 591 2474 nonnulli
607 2408 730 2473 Batavi
744 2417 780 2473 et
796 2408 952 2473 Britanni
969 2414 1117 2484 narrant,
1134 2423 1180 2473 ex
1194 2426 1240 2474 ea

128 2514 429 2598 norumpolypum
443 2518 526 2576 mox
542 2512 696 2576 existere.
742 2513 836 2576 Alter
855 2530 936 2576 vero
956 2525 1122 2586 nummus,
1137 2510 1239 2594 cenius

128 2615 270 2699 figurem
285 2615 457 2700 principio
471 2614 573 2698 bnjus
590 2614 845 2680 Dissertationis
857 2611 1094 2697 praefigendam
1106 2610 1238 2692 curavi,

126 2721 164 2786 in
180 2719 321 2786 adversa
337 2724 434 2802 parte
447 2723 662 2802 repraesentat
675 2727 853 2801 protomen
866 2714 1237 2793 Diocletianileureati,

130 2825 209 2892 cnm
218 2824 282 2888 hac
292 2820 497 2906 epigraphe:
520 2834 588 2883 rur
606 2831 663 2883 oo
683 2835 756 2882 van
772 2829 1056 2883 uroennrmuvs
1073 2828 1094 2879 r
1110 2832 1131 2882 r
1147 2831 1237 2885 are

128 2930 153 2992 l.
166 2948 197 2992 e.
220 2926 408 3009 Imperator
431 2923 549 2989 Ceasar
571 2920 676 2987 Gaius
701 2919 862 2987 Valerius
887 2919 1124 2986 Diocletianus
1149 2918 1236 2984 Pius

131 3029 233 3093 Felix
248 3026 433 3108 Augustus.
479 3025 519 3090 ln
535 3044 655 3090 aversa
671 3029 766 3108 parte
781 3026 914 3109 Jupiter
927 3025 1116 3106 fulguratur
1128 3021 1237 3087 bomi-
1255 3107 1258 3113 Δ

127 3150 205 3217 nem
220 3129 409 3203 biformem,
425 3128 497 3191 sive
518 3129 693 3210 gigantem,
708 3129 768 3211 qui
783 3129 908 3212 pedum
933 3140 1133 3210 crurumque
1158 3124 1237 3190 loeo

127 3233 232 3298 babet
256 3235 440 3315 serpentes,
463 3230 602 3293 fulmine
621 3234 851 3313 prostraturus
877 3229 1017 3295 ridetur.
1067 3224 1237 3292 Fabulam

127 3337 277 3402 breviter
297 3333 398 3399 tradit
413 3331 515 3398 Ouid.
531 3333 628 3398 Fasr.
644 3348 678 3396 v.
693 3334 746 3399 35.
763 3352 859 3417 seqq.

141 3462 145 3470 ·
216 3435 321 3502 Terra
334 3434 423 3500 feros
437 3444 566 3519 partus,
581 3436 739 3500 immania
754 3435 915 3515 monstra,
930 3435 1093 3518 Gigantes

140 3618 142 3623 Ι
160 3564 162 3570 ’
262 3537 389 3613 Edidit,
407 3558 546 3604 ausuros
561 3538 597 3602 in
613 3538 713 3604 Juvis
730 3539 778 3602 ire
793 3539 939 3603 domum.

218 3637 316 3707 Mille
330 3657 450 3705 manns
466 3640 534 3705 illis
550 3640 654 3717 dedit,
670 3648 706 3705 et
720 3659 783 3724 pru
800 3641 951 3704 cruribus
968 3659 1101 3722 angues,

38 3830 43 3837 Ι
151 3771 153 3776 ⁴
261 3743 376 3828 Atque
390 3743 459 3808 ait:
482 3743 517 3807 in
532 3762 675 3825 magnos
691 3760 785 3808 arma
800 3748 930 3807 movete
948 3742 1059 3806 Deos!
1119 3744 1122 3749 '

218 3844 397 3914 Exstruere
409 3846 445 3910 bi
460 3852 591 3910 montes
606 3845 649 3910 ad
666 3845 778 3910 sidera
793 3863 927 3909 summa
943 3844 1116 3928 parabant,
1179 3843 1182 3848 ’
1224 3875 1228 3884 ·

152 3974 157 3980 ·
175 4018 178 4023 ,
262 3946 308 4012 Et
320 3966 477 4030 magnum
492 3933 582 4011 bello
600 3947 771 4011 solicitare
785 3946 917 4010 Jovem.

127 4063 128 4066 ’
218 4050 375 4116 Fulmina
388 4050 432 4114 de
450 4048 530 4117 coeli
548 4049 718 4134 jaculatus
732 4048 867 4131 Jupiter
882 4067 973 4125 aree,

227 4175 229 4179 ·
260 4151 375 4218 Vertit
385 4153 424 4217 in
436 4153 597 4219 auctores
611 4149 761 4237 pondera
775 4161 875 4217 vasta
888 4170 984 4215 suos.

131 4253 212 4319 Sine
228 4252 333 4320 dubio
347 4275 406 4339 per
421 4257 520 4322 istum
537 4255 730 4338 Gigantem‚
743 4245 819 4320 s'ive
835 4252 1005 4337 sigillatim
1020 4271 1082 4338 per
1094 4248 1235 4335 Typho-
