2730 4726
130 323 217 388 1404
455 335 614 385 inussrr
637 333 913 384 rsusornrcus

131 489 258 560 sacra,⁸
279 487 311 546 et
333 481 388 545 iric
410 499 526 544 rursus
549 481 688 555 audisti,
712 480 824 544 dicere
846 477 1027 544 auderem?
1049 480 1117 544 nisi
1133 482 1231 547 nefas

131 604 209 650 esse
224 584 390 658 ducerem,
410 592 445 647 et
466 583 638 647 commissi
657 581 833 667 eujusdam
856 583 1024 665 sacrilegii
1036 583 1232 665 religionem

129 705 272 762 vererer,
299 685 330 749 si
351 685 393 761 is,
418 685 478 769 qui
500 704 634 768 semper
650 704 704 748 res
726 704 748 747 a
769 684 902 747 numina
923 692 983 748 tuo
1006 693 1120 772 gestas
1143 705 1232 768 prae-

129 788 243 853 dicare
268 788 388 852 solitus
407 807 531 864 essem,
553 787 630 853 haec
652 795 746 853 tauto
767 786 896 871 majora
916 788 1071 872 pristinis
1096 789 1231 855 silentio

129 891 352 974 praeterirem
375 910 435 973 per
450 909 527 973 quae
542 909 608 954 non
622 910 702 974 pars
714 891 829 973 aliqua
841 896 986 967 servata,
1001 889 1060 954 sed
1074 891 1233 956 universa

130 993 197 1056 sibi
227 1013 283 1057 res
312 998 364 1056 est
392 993 531 1075 publiea
559 993 728 1057 restituta.
769 990 805 1056 2.
835 990 958 1074 Neque
983 991 1071 1055 euim
1102 991 1232 1073 ignoro,

129 1103 254 1180 quanto
279 1095 435 1159 iuferiora
460 1096 526 1158 sint
544 1095 680 1177 ingenia
700 1107 816 1158 nostra
835 1094 1009 1159 Romanis.
1052 1094 1233 1178 Siquidem

130 1197 252 1262 Latine
272 1203 307 1262 et
321 1197 444 1262 diserte
460 1197 555 1281 loqui
570 1196 639 1261 illis
658 1197 885 1278 ingeneratum
900 1194 982 1273 est,¹’
1003 1196 1101 1260 nobis
1117 1198 1230 1261 elabo-

129 1308 257 1365 ratum:
281 1307 327 1377 et,
344 1300 467 1385 siquid
492 1299 578 1363 forte
593 1299 766 1363 commode
785 1299 940 1375 dicimus,
953 1318 996 1363 ex
1012 1299 1071 1362 illo
1089 1298 1182 1363 tonte
1198 1309 1232 1364 et

128 1403 240 1487 capite
254 1403 422 1467 facundiae
433 1402 576 1466 imitatio
591 1409 709 1466 nostra
723 1401 876 1467 derivat·
918 1403 951 1466 3.
973 1400 1054 1475 Sed,
1070 1404 1232 1485 quamvis

129 1506 287 1569 conscius
309 1504 392 1570 mihi
410 1503 610 1568 infirmitatis
628 1505 797 1585 ingenitae,
819 1509 853 1568 et
867 1502 1017 1568 inchoati
1032 1505 1144 1587 potius
1160 1511 1231 1569 stu·

130 1606 189 1684 dii,
207 1625 307 1689 quam
329 1607 464 1683 eruditi,
487 1606 643 1671 cohibere
665 1626 719 1671 me
738 1608 871 1672 silentio
886 1625 1024 1690 nequeo,
1039 1607 1232 1690 quo-minus

128 1709 171 1773 de
200 1717 396 1793 recuperata
416 1710 521 1787 urbe,c
542 1708 749 1793 imperioque
778 1710 946 1787 Romanu,
971 1714 1003 1772 et
1026 1707 1163 1773 tandem
1187 1729 1230 1774 ex

128 1812 285 1878 diuturna
298 1813 518 1876 convulsione
534 1812 704 1890 solidato,⁸
725 1820 760 1877 et
775 1813 852 1896 ipse
867 1811 995 1896 aliquid
1006 1829 1110 1876 coner
1120 1810 1232 1878 effari:

24 1915 30 1921 ’
128 1922 166 1981 ut
178 1916 264 1981 inter
276 1920 388 1980 tantos
404 1915 537 1979 sonitus
552 1914 773 1979 disertorum⁶
795 1934 871 1980 moa
885 1931 1018 1997 quoque
1035 1932 1105 1978 vox
1121 1914 1231 1977 tennis

128 2018 292 2085 exaudita
307 2019 469 2083 rideatur.
511 2019 546 2080 4.
568 2017 702 2083 Etenim
718 2018 749 2082 si
761 2019 795 2081 in
810 2018 911 2081 rebus
921 2015 1066 2094 bellicis,
1077 2015 1232 2099 ipsisque

129 2120 257 2202 praeliis
278 2138 346 2183 non
372 2120 480 2183 solum
501 2120 604 2195 tubae,
623 2138 664 2183 ao
678 2119 778 2195 litui,d
801 2117 862 2183 sed
877 2117 978 2182 etiam
993 2115 1172 2199 Spartanae
1189 2116 1231 2180 ti·

128 2221 217 2286 biae⁰
239 2222 443 2286 incentivum
458 2221 599 2305 aliquod
621 2221 772 2304 feruntur
792 2220 973 2299 habuisse;
994 2217 1129 2303 (credo,
1146 2219 1230 2302 quia

128 2341 273 2404 magnos
289 2323 419 2386 animos
434 2343 541 2408 parvo
554 2324 632 2389 licet
647 2324 786 2389 modulo
802 2322 924 2388 suflicit
938 2317 1086 2403 incitari)
1096 2339 1155 2384 cur
1167 2332 1230 2404 ego

128 2424 162 2488 in
178 2443 230 2488 mo
245 2423 288 2488 de
310 2429 369 2489 tuo
390 2425 504 2491 lavore
525 2424 685 2505 diffidam,
707 2432 745 2491 ut
769 2442 954 2491 sermonem
977 2441 1089 2486 meum
1118 2422 1230 2488 studio

160 2617 172 2641 ⁶
189 2610 310 2659 Imitando
318 2612 483 2674 detorquemus
493 2610 519 2660 iu
530 2616 621 2660 nastros
632 2626 699 2662 usus.

161 2673 173 2706 ὓ
189 2676 223 2723 Et
227 2674 328 2739 firmato
338 2683 391 2739 past
401 2677 527 2724 mutulam
538 2690 652 2726 annorum
659 2675 826 2738 agitationem.

160 2746 171 2772 ⁶
190 2741 224 2790 Ut
235 2741 300 2790 inter
310 2745 346 2790 tot
357 2742 512 2805 eloquentium
523 2746 642 2790 oratorum
652 2743 787 2806 applwiu.

127 2965 211 3011 rursus
221 2951 268 3000 laic.
303 2951 376 3012 Mox,
395 2951 420 3000 iu
440 2959 550 3016 utraque
571 2952 612 3002 ed.
632 2952 718 3001 Ririn.
734 2958 758 3002 et
775 2952 893 3009 munia,
908 2950 1074 3014 improbante
1086 2948 1180 3000 llrnts.
1196 2956 1231 3000 eat

127 3016 259 3077 respublica
276 3015 335 3065 edd.
354 3023 420 3065 vett.
438 3032 477 3066 ras
492 3023 529 3067 est
543 3017 637 3080 publica
648 3018 709 3067 Vet.
722 3019 835 3068 Putoun.
862 3016 941 3066 ‘Hoc
952 3015 1063 3077 restitui,
1074 3017 1193 3078 arrribus,
1205 3016 1231 3064 ni

128 3078 213 3133 fallor,
225 3078 344 3129 suarius!
359 3081 498 3130 Arata-2
514 3082 616 3131 Berlin.
628 3096 671 3146 sp.
684 3083 768 3131 Lirin.
784 3089 866 3132 nostra
875 3082 925 3131 siut
938 3081 1093 3144 ingratia-³
1106 3082 1114 3108 ‘
1125 3082 1230 3141 Legum,

126 3144 218 3208 infirmi
233 3142 342 3206 ingenii!
358 3146 458 3194 Acidal.
492 3145 567 3195 Idem
583 3161 652 3204 inor,
669 3148 748 3196 inita
764 3149 964 3196 exaudium-4
983 3146 1086 3193 Puteol-
1104 3155 1133 3194 et
1146 3147 1231 3195 Lirin.

127 3209 270 3259 incentivum
280 3210 371 3275 aliquid
377 3227 387 3270 ,·
403 3211 465 3262 Vet.
477 3211 584 3277 Cuspin.
595 3213 713 3262 Rhanan.
730 3213 747 3261 i.
757 3213 860 3277 aliquod.
884 3212 959 3274 Mox,
969 3211 1029 3260 edd.
1039 3217 1105 3259 vett.
1123 3211 1163 3259 sui
1173 3211 1230 3259 niri-

625 3359 732 3411 NOl'AE

161 3457 173 3484 ⁸
184 3451 217 3499 Et
229 3451 256 3500 ia
266 3451 323 3502 urta
332 3453 413 3517 saara]
432 3456 529 3506 uana.
565 3457 660 3522 litiis]
729 3456 741 3490 ‘¹
754 3456 837 3519 Tuta,
846 3471 875 3506 aa
884 3453 952 3518 litui]
962 3451 1154 3505 Hocdifferunt
1164 3456 1230 3518 quod

129 3526 231 3590 Opinoi
247 3527 375 3592 Treveris,
385 3530 455 3580 uude
476 3532 662 3581 Constantinus
695 3532 791 3581 ‘tuba'
803 3539 875 3582 recta
886 3540 964 3588 esset,
976 3532 984 3560 ⁴
998 3529 1092 3580 lituus'
1104 3532 1212 3582 incursu
1223 3549 1230 3595 3

128 3604 268 3654 discessum
281 3606 391 3667 parabat
403 3607 428 3654 in
445 3608 622 3672 Germaniam,
633 3616 662 3660 ut
697 3609 741 3658 illu
753 3609 870 3671 peditum
882 3606 1084 3664 torrentiorem
1095 3611 1228 3672 equitum:

128 3685 154 3732 in
168 3683 334 3732 Constantini
345 3682 407 3732 Vita
418 3684 563 3734 observavi.
696 3698 767 3748 sapa
788 3692 874 3734 tamen
897 3684 1044 3748 promiscue
1067 3685 1230 3749 accipiuntur

130 3785 133 3791 ‚
162 3757 174 3793 b
191 3758 245 3808 luo
255 3760 419 3820 ingeneratum
428 3762 476 3824 eat]
494 3762 577 3812 Nobis
589 3761 660 3826 inge·
696 3760 728 3809 sb
740 3760 898 3809 curatoribus.

63 3902 69 3914 ,
126 3842 220 3884 nasuta
239 3836 369 3897 dicuutur,
380 3837 412 3886 ad
433 3853 491 3902 quae
510 3838 574 3888 facti
591 3839 660 3888 vide·
728 3846 739 3872 ⁸
756 3839 884 3900 Spartano
901 3835 978 3900 tidioe]
995 3836 1174 3900 Λακεδαιμόνιοι
1188 3837 1230 3888 τὰς

128 3926 216 3961 rnurs
234 3919 336 3968 natura,
356 3913 394 3962 sic
411 3921 440 3961 ut
456 3915 526 3963 nullo
538 3914 612 3964 nobis
624 3916 660 3964 lu·
696 3912 795 3976 tentalis,
814 3931 836 3964 κ.
847 3931 871 3962 τ.
882 3921 909 3964 λ.
943 3913 1118 3962 Lacedaemonii
1136 3929 1183 3962 narr
1199 3917 1230 3964 aa

128 3988 189 4039 bore
199 3997 333 4040 constent:
352 3989 661 4055 elaboratavsroeaquae
696 3992 806 4041 tubarum
818 3991 953 4054 fragorem,
968 3992 1010 4040 sed
1028 3992 1060 4039 ud
1076 3990 1189 4040 tiliarum
1207 3997 1230 4040 et

127 4078 179 4114 uon
188 4064 244 4115 sine
253 4068 517 4132 magnacontsntiona
527 4065 662 4117 efficimus.
696 4069 757 4132 lproe
773 4068 879 4116 modulos
893 4065 1045 4129 citharaque,
1061 4067 1172 4128 pralium
1183 4068 1230 4115 r'na'·

159 4141 337 4206 cneeaparna
356 4141 425 4206 uide]
450 4144 514 4193 Post
532 4143 661 4195 Maxentii
696 4143 762 4193 tart.
794 4143 939 4191 Pausanias
951 4142 976 4189 in
989 4141 1133 4192 Laconicis.
1168 4143 1230 4193 Plu·

127 4215 236 4269 cladem.
370 4208 375 4214 ’
696 4221 800 4272 turcinu
811 4217 864 4283 sapt
877 4218 1000 4281 μουσικῆς.
