2730 4726
128 312 218 383 1⁴28
456 329 617 379 rucnurt
640 328 910 381 rsnucrnrcus

131 474 331 560 aspicerent,
354 473 486 556 longius
506 474 609 559 positi
630 473 872 540 nominabant:
895 491 983 560 quos
1004 476 1226 560 praeterieras,

128 578 207 655 ioci,
220 597 322 660 quem
337 585 594 662 occupaverunt,
611 578 806 664 poenitebat.
838 577 1000 646 Vicissim
1016 599 1136 644 omnes
1152 581 1225 646 inde

130 668 331 751 discedere,b
358 681 435 745 hine
450 681 567 765 sequi:
591 689 716 747 certare
730 682 981 748 innumerabilis
994 683 1188 763 multitudo,
1199 693 1229 750 et

132 783 281 866 impulsu
306 785 401 848 varin
422 784 597 861 fluctuare,
619 789 653 848 et
674 791 803 850 tuntum
827 785 892 850 sibi
912 784 1085 849 hominurn
1107 787 1228 853 animi*

127 885 322 969 postillam
343 883 520 950 sexenniid
544 886 675 951 cladem
699 903 875 971 superesse
897 887 1159 953 memorabant·
1200 888 1226 954 3.

126 989 214 1053 Ausi
237 989 339 1054 etium
358 989 505 1073 quidum,
530 996 569 1053 ut
590 990 774 1067 resisteres,
797 1009 955 1075 poscere,
974 997 1008 1056 et
1029 993 1128 1074 queri
1162 998 1229 1058 tun

127 1091 196 1157 citu
218 1093 406 1156 accessisse
426 1091 600 1176 palatium,
615 1098 659 1171 et,
675 1112 751 1157 cum
770 1092 938 1175 ingressus
960 1111 1072 1171 esses,
1088 1114 1160 1159 nnn
1181 1114 1229 1160 sn·

127 1194 197 1260 lum
212 1195 321 1282 oculis
337 1195 444 1278 sequi,
461 1195 521 1259 sed
538 1215 634 1279 paene
649 1195 751 1260 etium
766 1215 900 1260 sacrum
915 1195 1017 1259 limen
1036 1196 1229 1282 irrumpere.

127 1289 160 1360 d'.
183 1293 267 1361 Inde
290 1298 444 1361 omnibus
466 1296 689 1375 circumfusis,
704 1303 742 1362 ut
761 1297 840 1362 inde
861 1296 1058 1377 excederes,
1073 1301 1230 1384 opperiri,

128 1401 334 1483 prospicere,
350 1407 479 1484 optare,
495 1420 653 1483 sperare:
675 1406 714 1465 ut
729 1400 1028 1476 viderenruuenm,
1041 1419 1070 1484 *e
1084 1421 1156 1484 quo
1176 1404 1231 1468 ob·

127 1501 258 1590 sidicne
284 1502 414 1567 liberati
439 1502 581 1581 fuerunt,
603 1503 769 1568 obsidere.
812 1505 846 1568 5.
869 1501 1042 1568 Gloriatus
1069 1504 1116 1568 sit
1141 1505 1232 1584 licet,

126 1610 161 1669 et
182 1623 271 1683 rere,
288 1625 438 1670 summus
461 1611 594 1685 craton·
616 1605 766 1672 humeris
788 1626 826 1672 se
848 1605 958 1671 Italiae
971 1606 1006 1670 in
1023 1606 1170 1689 putrium
1183 1627 1232 1674 re·

127 1713 317 1791 portatum
338 1719 384 1787 te,
399 1706 633 1789 Constantine,
649 1719 789 1775 senatus
813 1707 1030 1793 populusque
1053 1707 1231 1776 Romanus

127 1816 161 1874 et
174 1809 236 1875 illc
250 1811 318 1890 die,
334 1819 370 1876 et
384 1812 471 1890 aliis,
487 1833 700 1898 quacumque
714 1832 910 1898 progressus
925 1829 975 1890 es,
989 1819 1024 1876 et
1038 1811 1187 1877 humeris
1200 1821 1233 1878 et

127 1912 237 1977 oculis
263 1912 346 1977 serre
370 1911 529 1997 gestivit!
576 1915 609 1980 6.
634 1917 711 1981 Nec
736 1916 921 1999 quicquam
946 1913 1040 1979 uliud
1065 1913 1231 1996 homiues,

127 2012 273 2078 diebus⁸
288 2035 471 2095 munerum,
496 2036 732 2102 sacrorumque
754 2016 920 2094 ludorum,
937 2035 1039 2099 quarn
1053 2022 1087 2081 te
1108 2017 1231 2099 ipsum,

142 2167 175 2273 ιθ
190 2157 307 2207 Homines
315 2158 472 2225 mirabantur,
483 2159 545 2222 qued
559 2163 594 2208 tet
604 2157 666 2207 ciues
675 2157 752 2205 Mine
761 2163 909 2220 superessent
918 2163 972 2221 post
983 2157 1050 2206 ilium
1063 2172 1107 2207 sse
1116 2173 1232 2208 uenum

127 2238 244 2286 srugeru·
953 2242 956 2247 ·

591 2301 773 2321 “oenomao

126 2382 188 2431 Ver.
197 2383 308 2433 Putesu.
316 2385 395 2434 hebet
402 2384 582 2435 detinebat-2
597 2386 708 2436 Vicissim
719 2401 742 2434 c.
753 2386 809 2435 inde
819 2387 882 2434 diets
892 2386 1010 2442 secedere,
1017 2385 1109 2450 insequi
1121 2385 1231 2450 cuspin.

128 2447 248 2498 Rtreusu,
261 2449 352 2513 Steph.
365 2451 450 2500 Lirin.
463 2451 549 2499 Ririn.
563 2456 585 2499 l.
618 2451 648 2499 V.
657 2451 763 2502 homines
773 2453 799 2500 in
810 2451 893 2500 relicte
903 2453 1013 2500 ucoedm
1022 2454 1091 2514 conj.
1104 2451 1179 2514 Lips.
1207 2452 1233 2499 is

126 2514 189 2563 edito
200 2516 309 2564 necerim
320 2516 441 2566 Vaticnn.
453 2517 581 2565 Pithoenn.
593 2517 672 2565 Febr.
684 2517 772 2565 Moeri.
808 2515 864 2564 inde
873 2516 991 2565 discedere
1001 2517 1063 2566 Vei.
1075 2517 1162 2567 Lirin.
1174 2530 1231 2566 cnm

127 2579 188 2626 edd.
201 2580 277 2631 Grut.
291 2589 318 2630 et
329 2590 440 2630 recenti.
464 2582 531 2631 Vide
545 2581 622 2631 tht.
635 2582 712 2630 Verr.
739 2581 868 2644 hinessqui
879 2583 939 2630 Vet.
950 2582 1062 2632 Putenu.
1074 2582 1178 2631 Bertin.
1191 2597 1233 2644 ep.

126 2643 212 2695 Lirin.
225 2647 303 2697 Grut.
317 2647 403 2696 Puris.
415 2647 511 2696 Ceilsr.
526 2646 644 2697 Paterni.
662 2647 761 2709 Jaeger.
774 2647 858 2695 Brun.
887 2646 942 2694 Pru
952 2651 1053 2715 certare,
1063 2647 1151 2697 Lirin.
1164 2648 1230 2710 enuj.

126 2724 233 2761 cursare.
251 2712 384 2761 Bertin.et
400 2717 493 2761 tuntum
508 2712 542 2762 idi
551 2727 561 2769 ,·
579 2713 656 2762 etsie
674 2712 743 2774 conj.
757 2710 834 2773 Lips.'
846 2712 931 2774 Epist.
950 2712 1050 2763 ernst.
1064 2723 1083 2760 1.
1104 2715 1147 2761 22.
1163 2712 1232 2761 'Pru

126 2777 209 2832 animi,
220 2776 321 2826 Acidsi.
334 2777 400 2838 conj.
417 2778 592 2827 admiserandi.
619 2777 686 2826 Vide
699 2778 777 2826 Nutt.
790 2777 864 2825 Verr.
888 2777 1047 2826 Schenckius
1058 2791 1106 2838 pro
1117 2792 1233 2826 mersere·

127 2841 193 2898 dunt,
212 2844 277 2903 legit
293 2843 454 2904 prorutam
472 2844 585 2906 Lipsius,
602 2843 767 2899 mirabuntur3
804 2841 894 2890 Arntz.
911 2843 1124 2891 numerabunt-4
1146 2843 1233 2892 Lirin.

126 2908 195 2969 conj.
206 2915 233 2957 nt
243 2911 331 2957 iterum
342 2908 480 2964 excederem
510 2908 569 2956 Vet.
588 2909 673 2956 Lirin.
694 2908 779 2955 uitium
795 2908 936 2965 excederesr
960 2908 1062 2957 Bertin.
1073 2911 1156 2956 esrum
1167 2923 1233 2958 ssere-

127 2974 196 3020 dsrss
205 2989 215 3030 ,·
242 2974 330 3022 Moerr.
347 2974 425 3021 uicem
442 2975 626 3022 excederes—6
640 2972 746 3034 Cuspin.
766 2972 881 3020 Rhensn.
891 2973 983 3032 Steph.
1004 2972 1088 3021 Lirin.
1100 2972 1190 3021 utris.
1200 2974 1239 3021 si.

129 3044 191 3085 vett·
202 3051 343 3101 quecumque
352 3053 508 3100 progressum
537 3040 599 3086 Ver.
620 3039 731 3087 Putesn.
741 3038 804 3085 Vet.
816 3037 901 3085 Lirin.
918 3037 1021 3086 Bertin.
1040 3037 1130 3086 Moeri.
1155 3038 1233 3088 Grut.

129 3109 158 3150 et
169 3110 281 3151 receuti.
291 3119 434 3166 urnamque
444 3117 593 3165 progressus.
607 3131 610 3136 ·
623 3103 739 3154 Rhennn.
757 3101 849 3164 Steph.
862 3102 948 3150 Lirin.
958 3101 1045 3152 Ririn.
1058 3104 1169 3151 sinesiis
1179 3102 1234 3159 sere

128 3167 252 3226 gestarit,-
281 3167 342 3217 Vet.
355 3168 465 3216 Putenn.
475 3179 502 3217 et
514 3171 633 3217 Vuticuu.
644 3174 669 3216 et
679 3168 783 3215 numeris
792 3169 862 3226 ferre
870 3167 970 3227 gestivit
979 3183 990 3225 ,·
1017 3167 1106 3217 Moerl.
1117 3172 1140 3216 st
1152 3168 1231 3218 nume·

129 3232 167 3279 ris
177 3238 201 3280 et
217 3232 290 3281 cuniis
303 3248 395 3294 semper
403 3233 504 3293 gestivit
510 3249 520 3292 ,⁶
551 3232 655 3282 Acidsi.
675 3235 752 3282 etium
771 3233 837 3296 cnuj.
847 3233 917 3292 serre
926 3232 1044 3294 gestivits
1071 3237 1099 3281 et
1118 3234 1159 3280 sic
1171 3234 1233 3284 Vet.

131 3296 217 3345 Lirin.
227 3298 335 3359 Cuspin.
347 3299 449 3347 Bertiu.
461 3299 493 3348 P.
503 3299 595 3362 steph.
606 3299 683 3348 Grut.
696 3306 724 3345 et
736 3303 845 3346 receuti.
863 3295 931 3344 Vide
944 3296 1022 3346 tht.
1031 3292 1161 3346 Veri-6
1170 3296 1232 3348 ret.

132 3361 217 3412 Lirin.
228 3363 329 3414 Bertiu.
339 3368 525 3428 oeteruursmqne
546 3366 672 3421 tudcrum;
691 3364 779 3413 Moerl.
798 3367 969 3426 ceterorumque
975 3363 1093 3412 ludorum.
1126 3362 1182 3413 Pro
1193 3379 1233 3428 pr·

625 3493 733 3545 NOTAE

160 3590 249 3640 bInde
266 3591 402 3654 discedere]
423 3589 552 3640 Gruterus
579 3593 662 3654 suspi-
700 3591 848 3641 reditumin
865 3593 1073 3653 senst.'c,up.88.
1091 3589 1176 3641 ‘Cum
1193 3607 1233 3642 sne

130 3673 206 3716 estur
217 3667 367 3730 legendum,
377 3669 403 3715 in
415 3668 479 3716 editu
490 3669 622 3718 ascendere.
700 3669 812 3732 pupulus
825 3668 954 3716 Romanus
972 3668 1113 3724 mrucnrit,
1126 3671 1235 3734 respub·

163 3743 285 3807 csirrimi]
303 3741 358 3793 Aut
381 3743 439 3806 lege
462 3758 519 3792 curn
542 3745 663 3794 Acidalio
698 3744 750 3793 tice
770 3741 1022 3806 implorarit,1tulin
1044 3750 1140 3791 cuncte
1157 3757 1234 3808 prens

130 3818 296 3869 admirabundi
308 3818 459 3883 picenisti·
473 3819 527 3869 Aut
537 3836 595 3869 mcx
605 3836 663 3870 curu
699 3821 751 3871 suis
762 3821 874 3869 humeris
886 3817 1048 3883 reportarit?

131 3896 218 3958 Lipsiu
230 3890 417 3950 admirabuntur,
433 3909 479 3956 pro
496 3897 663 3947 memorabunt.
732 3894 840 3945 ‘Oculis
851 3895 920 3955 ferre
939 3894 1054 3958 gestivit]
1072 3895 1176 3961 Pnneg.
1194 3911 1235 3947 vr.

162 3971 174 4004 i
192 3971 318 4035 sexennis]
332 3972 390 4021 Quo
402 3970 564 4022 Maxentium
576 3983 661 4035 tyrsu-
698 3988 756 4036 cap.
769 3977 793 4022 8.
810 3973 865 4021 ‘Te
878 3973 960 4035 primo
972 3972 1090 4032 inpressu
1102 3979 1149 4021 tun
1161 3981 1235 4023 tsnts

129 4048 217 4097 uidem
233 4049 260 4097 iu
278 4048 356 4097 Italis
373 4046 487 4096 tenuisse
505 4050 604 4098 dicturn
623 4056 663 4100 est
697 4050 886 4111 territurium
903 4046 1051 4111 frequentis
1067 4049 1180 4109 populus
1192 4064 1235 4098 ert·

133 4136 219 4186 supra.
698 4127 778 4188 cepit,
791 4134 819 4174 ut
836 4139 894 4174 curn
913 4132 939 4172 te
958 4124 989 4171 ud
1002 4122 1144 4187 Capitolini
1161 4124 1236 4176 Jcris

164 4206 175 4231 ⁰
191 4199 301 4249 Summus
311 4198 403 4262 cruor]
417 4198 516 4250 Tullius
528 4209 592 4252 urst.
604 4209 663 4268 post
698 4204 822 4269 gremium
835 4204 875 4253 rei
885 4202 969 4252 uerutis
978 4202 1047 4252 terre
1056 4203 1188 4264 gestiret!
