2730 4726
366 322 439 372 eno
465 319 649 377 ruamur.
672 320 842 370 senonis.
880 321 931 368 ιν.
946 302 999 371 17.
1147 303 1234 372 1257

139 468 248 552 delego
277 468 410 553 patrico,
437 471 472 532 et
499 466 572 551 ipsi
593 465 808 551 potissimum
835 465 940 548 operi,
963 466 997 530 in
1020 484 1090 548 quo
1118 467 1234 534 studia
1294 519 1297 523 .

136 570 475 637 nostra‘oelebrandu
499 575 587 635 sunt.
632 570 665 633 4.
687 567 823 633 Videor·
843 569 933 633 enim
958 568 1039 632 milri
1062 568 1115 652 (ld
1139 569 1252 654 quod'

134 674 240 741 sacris
264 673 371 738 literis
391 674 601 751 continetur,-
616 679 652 738 ut
678 673 772 737 solvo
796 667 947 736 honorisf
970 672 1034 735 mei
1056 671 1245 756 privilegiu

132 773 298 858 doceam)
307 775 370 839 hoc
384 775 593 840 manifestius
609 779 710 859 atque
732 775 898 838 illustrius
912 778 1112 853 retenturus,
1127 782 1166 839 nt
1180 795 1233 840 mo

130 862 269 962 dignum
280 879 403 942 talibus
412 883 606 942 aetemorum
618 876 814 960 Principum
819 874 960 958 judiciis
970 876 1108 959 probem
1117 895 1232 941 amore

127 980 336 1063 reipublicae.
380 982 414 1045 5.
435 979 600 1064 Equidem
623 980 720 1063 ipsos
743 980 863 1062 patriae
892 979 988 1043 Deos
1008 983 1123 1057 testor,
1138 983 1232 1044 tanto

131 1103 186 1148 me
202 1084 352 1148 civitatis
377 1082 478 1146 istius
502 1102 615 1147 amore
640 1082 793 1164 flagrare,
808 1087 856 1159 ut,
877 1100 1092 1164 quocumque
1112 1082 1234 1165 oculos

132 1186 335 1262 circumtuli,
351 1184 393 1248 ad
409 1185 652 1249 restitutionem
668 1203 809 1268 operum
826 1179 1031 1265 singulorum
1045 1183 1096 1247 ita
1110 1184 1234 1267 gaudio

130 1287 233 1365 ferar,
249 1293 287 1352 nt
303 1289 456 1370 spiritum
472 1286 653 1351 identidem
673 1306 784 1350 meum
806 1304 868 1371 pro
889 1285 1023 1349 illorum
1044 1287 1153 1351 salute
1177 1287 1235 1350 de·

131 1410 287 1467 voveam,
302 1410 444 1473 quorum
459 1390 571 1474 jussu,
587 1389 779 1472 opibusque
795 1395 998 1472 reparantur.
1041 1390 1075 1453 6.
1097 1387 1166 1453 Sed
1183 1394 1234 1454 ta·

131 1511 210 1556 men
226 1493 303 1571 hoo,
319 1494 411 1577 quod
426 1492 504 1557 mihi
531 1492 689 1557 ornundae
709 1492 930 1575 professionis
951 1511 1036 1556 mene
1051 1510 1156 1557 causa
1176 1491 1234 1557 tri·

130 1594 254 1658 butum
270 1602 333 1672 est,
349 1594 426 1658 huic
442 1613 495 1657 me
511 1592 684 1676 praeoipuo
696 1594 802 1657 sentio
817 1592 939 1657 debere
954 1600 1177 1659 monumento.
1246 1625 1249 1630 ·

177 1694 269 1759 Gne.
286 1712 385 1760 xvrr.
431 1698 462 1760 1.
485 1695 617 1760 Etenim
639 1696 669 1759 si
693 1695 782 1759 bello
806 1703 900 1779 parte
916 1695 1043 1761 Marti⁸
1067 1696 1234 1776 dicantur,

131 1798 163 1862 si
179 1799 264 1863 mari
279 1799 425 1883 quaesitu
441 1794 631 1882 Neptuno,¹¹
647 1800 677 1863 si
701 1817 831 1864 messes
853 1795 986 1877 Cereri,i
1001 1799 1031 1863 si
1046 1797 1232 1866 Mercuriol'

130 2093 160 2128 ce
179 2083 258 2128 cutem
275 2079 353 2141 deligo
368 2080 464 2142 patrie,
484 2085 507 2129 et
525 2079 582 2143 ipsi,
601 2085 642 2146 du.
658 2096 733 2146 quam
753 2082 890 2131 lectionem
907 2080 1005 2143 primns
1016 2079 1131 2130 restituit
1143 2078 1235 2131 Arute.

131 2158 190 2192 cum
204 2153 280 2192 antea
292 2147 434 2208 legeretur,
444 2150 550 2208 oportere
560 2161 650 2209 certeco,
660 2155 730 2211 utque
741 2161 809 2197 usum
821 2148 908 2206 deligo,
919 2149 960 2208 tre.
988 2145 1048 2195 Vct.
1062 2145 1146 2196 Lirin.
1158 2144 1235 2210 accipi

129 2214 240 2272 oportere
250 2215 337 2266 nutem,
349 2216 390 2258 out
400 2225 453 2273 que
463 2225 532 2259 recum
538 2225 548 2268 ,·
567 2211 672 2262 Ritters.
684 2212 752 2275 conj.
768 2212 836 2275 utqui
850 2226 917 2260 urum
924 2228 934 2269 ‚·
951 2211 1028 2260 Grut.
1043 2210 1132 2274 occipio
1142 2215 1235 2273 operte,

130 2288 159 2322 rc
172 2278 252 2322 cutem
267 2280 338 2336 atque
353 2289 396 2322 usu
410 2276 491 2336 delego
503 2276 599 2340 petrice,
611 2285 639 2327 ut
651 2277 860 2339 subintelligatur
877 2280 1006 2324 ‘sexcena
1017 2273 1167 2337 sestertia3'
1186 2277 1236 2339 rel‚‘

129 2338 209 2398 accipi
220 2345 326 2400 oportet.-
339 2354 365 2388 re
375 2345 453 2388 nutem
462 2344 532 2401 utque
543 2354 587 2389 usu
597 2343 677 2404 deligo
685 2344 829 2407 patrico—l
843 2341 911 2390 Edd.
921 2351 986 2392 vett.
1002 2342 1038 2390 itu
1049 2341 1114 2389 scloo
1124 2340 1218 2390 dormis
1224 2357 1235 2401 ,·

132 2403 218 2452 Lirin.
237 2404 305 2466 conj.
329 2409 356 2452 nt
373 2406 438 2453 caluo
455 2405 566 2460 leonoriac
590 2421 666 2470 quarn
686 2408 871 2470 conjecturam
884 2420 1008 2470 recepere
1030 2406 1114 2455 Baun.
1136 2406 1235 2472 cellar.

128 2467 231 2530 Jaegeu
247 2469 273 2516 id
284 2471 399 2521 est‚eulco
409 2469 504 2517 honoria
512 2469 548 2518 Gr
553 2477 589 2518 ut.
623 2473 696 2534 Mox,
707 2475 729 2521 ri
739 2488 776 2521 mc
786 2473 884 2534 dignum
894 2473 962 2533 conj.
976 2470 1057 2520 Lirin.
1067 2473 1090 2519 εἰ
1099 2476 1124 2520 ct
1132 2486 1168 2521 me
1178 2471 1233 2532 dig·

131 2546 189 2580 eum
208 2532 286 2581 Grur.
302 2533 324 2580 ei
346 2549 382 2582 me
402 2535 502 2595 recepit
519 2533 617 2595 Juger.
642 2543 669 2585 ut
686 2552 722 2586 me
740 2546 845 2586 servant
865 2550 952 2585 omnes
972 2537 1028 2584 aliu
1048 2535 1108 2583 edd.
1129 2542 1157 2584 et
1175 2535 1234 2586 cod.

132 2595 296 2658 euentu-r
316 2597 435 2647 Rhenan.
456 2599 548 2659 Steplr.
571 2600 656 2649 Ririn.
675 2601 758 2651 Lirin.
778 2603 811 2651 al.
828 2608 893 2650 vett.
909 2599 1059 2663 operiturque
1077 2605 1237 2662 repercutere

130 2662 194 2710 Vet.
207 2662 320 2710 Putean.
334 2663 391 2711 Ver.
403 2663 487 2714 Lirin.
499 2663 613 2726 Guelplr.
625 2667 690 2715 Ere.
702 2668 797 2716 sehon.
810 2667 911 2716 Berlin.
924 2666 1029 2729 cuspin.
1041 2663 1142 2713 Acidul.
1154 2665 1234 2715 Grnt.

131 2731 161 2774 et
172 2735 286 2778 recentt.
303 2726 427 2791 opiquuc
438 2733 637 2790 reparantur-6
653 2732 767 2794 Guelph.
787 2738 814 2781 et
831 2731 891 2780 edd.
910 2745 997 2779 omnes
1011 2744 1090 2791 usqne
1106 2729 1138 2777 ud
1154 2728 1251 2779 Grut.

130 2791 216 2840 dedere
226 2796 373 2841 monumento
381 2808 391 2851 ,-
407 2798 434 2840 et
444 2795 482 2841 sic
494 2793 571 2841 etiarn
586 2793 674 2847 Rivin.
690 2797 773 2847 dedere
787 2799 933 2846 monumento
945 2795 1005 2845 Vct.
1027 2794 1139 2846 Putecn.
1155 2793 1233 2845 Grut.

122 2864 159 2905 et
176 2865 288 2907 recentt.
304 2859 329 2906 d.
341 2857 483 2908 cnouimcnto
495 2856 599 2908 Acidnl.
865 2863 867 2867 ’

633 3024 744 3076 NOTAE

163 3133 173 3166 ¹
191 3135 224 3183 Ut
236 3137 301 3184 euloo
310 3135 418 3198 Medus]
435 3136 501 3186 Milri
514 3143 663 3201 temperare
704 3141 776 3192 Dens
787 3138 849 3188 belli
861 3138 946 3188 dictus
958 3146 1008 3188 est.

129 3225 183 3259 non
200 3212 284 3274 potui,
298 3212 359 3275 quin
373 3212 452 3275 juxta
464 3214 583 3276 Lirineii‚
600 3215 662 3265 Aci·
735 3215 891 3280 lNeptuno]
918 3217 1056 3279 Neptunus
1077 3214 1185 3265 Saturni
1206 3220 1235 3266 et

129 3287 204 3349 delii,
215 3294 242 3337 et
250 3288 356 3337 Gruteri
366 3290 548 3351 suspicionem,
562 3297 662 3340 textum
704 3292 769 3356 Opis
780 3291 847 3341 tilius
858 3291 918 3349 fuir,
928 3293 1002 3344 Jovis
1011 3301 1038 3342 et
1050 3292 1169 3342 Plutonis
1181 3291 1238 3343 fra·-

129 3363 199 3413 lronc
208 3362 275 3412 lrand
284 3371 435 3427 corruptum
445 3365 545 3414 duabus
555 3366 662 3415 mutatis
703 3375 753 3418 ter.
787 3369 858 3418 Huic
878 3370 903 3417 in
924 3369 1002 3418 totius
1020 3369 1089 3418 orbis
1108 3369 1234 3424 divisione

130 3439 231 3488 voculis
240 3438 359 3490 ederem:
374 3454 420 3502 pro
429 3441 547 3498 ilorclco,
558 3442 662 3492 restitui
703 3445 778 3493 maris
791 3443 927 3508 imperium
939 3445 1043 3508 obtigit.
1064 3447 1179 3496 Uxorem
1190 3445 1234 3495 lta·

128 3515 249 3564 utcolco:
266 3521 294 3563 et
312 3529 381 3578 mox,
403 3523 490 3578 prout
506 3534 552 3574 me,
570 3519 628 3580 lego
640 3518 663 3567 sr'
702 3519 760 3570 buit
772 3519 947 3584 Amphitriten
961 3521 1040 3571 Nerei
1053 3520 1141 3570 filiam.
1229 3547 1235 3560 =

129 3605 177 3652 arc,
191 3592 448 3656 etpostLiriueium
460 3594 581 3645 emendat
593 3595 662 3646 Gru·
738 3596 745 3631 ¹
766 3596 860 3660 Cereri]
886 3597 966 3646 Ceres
986 3599 1094 3647 Saturni
1116 3604 1144 3647 et
1166 3596 1233 3660 Opis

129 3672 218 3717 ternu»
519 3696 523 3703 ν
704 3672 767 3734 filia,
784 3671 887 3736 frugum
902 3674 1030 3723 inventrix
1050 3671 1111 3722 suit.
1144 3673 1185 3721 Ex
1201 3684 1234 3720 ea

149 3749 176 3791 ,ι
193 3743 285 3807 Morte]
302 3744 430 3795 Juunncm
446 3745 535 3797 serunt
547 3749 606 3798 olim
624 3749 664 3798 in·v
702 3750 810 3813 Jupiter
820 3749 1003 3813 Proserpinam
1020 3749 1142 3812 suscepit,
1157 3759 1249 3810 qnam.
1292 3811 1296 3816 ,

128 3817 275 3882 dignatam,
293 3819 361 3882 quod
378 3822 484 3883 Jupiter
501 3823 599 3889 absque
616 3824 663 3874 sne·
704 3840 720 3875 a
741 3825 855 3875 Plutone
878 3832 991 3888 raptent,
1010 3825 1085 3874 radic
1108 3824 1132 3872 in
1156 3817 1250 3873 AEtna„

128 3895 206 3951 miore
228 3896 384 3945 commercio
404 3897 539 3948 Palladem
558 3914 662 3963 procre·
703 3908 791 3951 monte
803 3902 926 3963 accensis,
937 3907 993 3950 toto
1004 3899 1067 3950 orbe
1078 3897 1210 3964 quesivit.
1231 3927 1247 3953 ·,

128 3972 335 4034 ”conviciantur
350 3973 405 4020 sinc
422 3973 571 4035 vouflorta
589 3979 673 4028 unius,
734 3976 743 4020 l
766 3976 902 4041 Mercurio]
930 3974 1076 4024 Mercurius
1102 3973 1177 4024 Jovts
1204 3980 1233 4025 st

129 4055 265 4110 contactu,
282 4063 357 4112 quern
370 4049 395 4098 in
408 4050 509 4100 Oleniis
520 4055 617 4116 eampis
636 4055 662 4104 in
703 4053 781 4102 Maio
793 4051 870 4108 lilius,
884 4053 921 4101 ita
931 4051 1016 4100 dictur
1027 4065 1043 4098 a
1054 4049 1189 4108 mercibus,
1199 4064 1251 4103 eo-

128 4125 199 4183 lrnuc
211 4140 283 4175 urum
295 4127 319 4174 ei
332 4127 406 4176 Flora
416 4136 583 4186 monstrarat,
601 4144 663 4180 oon.
703 4129 772 4192 quod
793 4126 981 4178 mercatoribus
1001 4125 1144 4190 presidere
1163 4125 1233 4181 dice·
1246 4160 1251 4187 3,

130 4202 243 4272 cepisse,
265 4208 293 4252 et
314 4202 429 4253 Martem
452 4205 594 4270 peperisse,
617 4208 674 4273 qui,
702 4212 783 4256 retur.
815 4204 921 4259 Praeter
941 4201 1008 4255 hunc
1027 4209 1080 4254 iret
1097 4201 1233 4259 alil-fuere
