2730 4726
479 346 647 396 rustino
670 348 758 396 suc.
796 330 897 396 xn2.
1146 299 1233 402 1503

130 497 163 560 4.
187 494 280 559 Num
301 492 393 577 quod
416 497 486 557 tum
501 512 556 556 me
571 492 722 557 aererium
738 490 932 575 publicumb
947 513 1063 559 curare
1078 497 1231 576 voluisti,

129 619 209 663 cnm
224 616 390 682 quaereres
401 598 507 660 virum
522 597 622 660 enimi
637 596 747 679 magni
764 596 923 661 adversus
937 599 1124 679 pecuniam,
1134 600 1233 666 liberi

129 704 295 768 adversus
310 700 464 779 offensas,
477 701 664 765 constantis
676 701 837 764 adversus
848 700 1019 777 invidiam,
1029 721 1160 785 meque,
1173 705 1234 788 qui

129 807 196 871 tibi
212 805 343 870 viderer
356 802 546 888 ejusmodi,⁰
562 803 728 885 delegisti,
743 802 842 885 idque
858 822 901 866 eo
916 809 1160 888 tempore,rqno
1173 821 1235 873 ex-

128 910 265 975 haustae
284 907 480 991 provinciae,
495 908 618 989 partim
638 896 885 989 depraedatione
907 907 1095 986 barbarios,
1111 911 1234 991 partim

131 1031 200 1076 non
223 1012 334 1078 miuus
355 1010 548 1079 exitialibus
564 1029 664 1093 quom
684 1009 852 1094 pudendis
869 1010 1124 1093 presidentium
1143 1014 1241 1096 rapi-v

130 1117 197 1188 nis,
211 1116 299 1180 ultro
321 1134 419 1199 opem
435 1113 655 1197 Imperatoris
670 1119 904 1196 exposcerent,
920 1112 1053 1191 militm,
1068 1134 1162 1197 saepe
1178 1135 1234 1179 un·

130 1219 251 1283 tenetis
273 1218 484 1301 temporibus
498 1215 579 1280 ludo
593 1215 711 1292 habiti,
727 1234 874 1299 praeseus
888 1215 1091 1297 stipendium
1107 1216 1235 1300 tingita-

129 1329 216 1400 rent,
232 1340 368 1404 quoquo
382 1319 485 1383 modo
500 1317 639 1384 videbor
652 1317 811 1382 honorem
825 1335 923 1381 onere
938 1337 1090 1402 pensare.
1131 1321 1164 1386 5.
1189 1320 1236 1387 At

131 1443 209 1489 oum
232 1443 287 1489 me
308 1422 477 1506 praetoriis
500 1417 710 1504 praefecisti,d
732 1427 766 1485 et
784 1421 977 1504 provincius
996 1421 1040 1485 de
1053 1431 1088 1486 te
1102 1425 1234 1506 egregie

130 1529 269 1592 meritos
291 1545 376 1590 mese
398 1526 478 1591 fidei
501 1526 684 1609 tutelaeque
705 1525 887 1615 mandasti,
910 1526 1024 1610 iugens
1041 1527 1163 1612 Judicii
1185 1531 1235 1594 tui

130 1629 196 1696 fuit
217 1650 354 1712 munus3
379 1630 440 1695 sed
461 1632 496 1693 in
511 1651 552 1694 eo
568 1650 636 1693 non
653 1631 732 1700 mihi
747 1629 870 1706 solum,
886 1649 984 1714 quem
1007 1639 1102 1697 tento
1122 1641 1236 1716 potes·
1273 1660 1276 1667 ·

131 1738 203 1802 tote
228 1732 454 1804 succinxeras,
477 1733 719 1796 verumetiam
743 1732 886 1815 negotiis
912 1733 981 1796 tuis
1004 1735 1260 1806 commodasse·

131 1838 345 1919 aliquetenus
360 1836 545 1900 videbere!

166 2011 181 2044 ‘²
197 2011 247 2066 Sed
257 2027 285 2061 eo
295 2011 321 2061 in
329 2026 355 2060 re
366 2027 413 2064 uon
423 2011 484 2063 milri
497 2016 601 2074 tontum,
614 2026 682 2074 ouem
693 2015 765 2068 tonte
775 1993 918 2076 praesectum
926 2013 1100 2077 cohonestatus,
1111 2016 1152 2064 sed
1163 2015 1235 2070 etium

130 2078 202 2128 reboo
213 2077 262 2125 tuis
274 2078 384 2127 serviisse
393 2077 472 2141 utiquo
482 2080 550 2127 modo
560 2078 689 2127 oldeberto.
707 2124 710 2130 .

597 2205 776 2228 nunnun-

134 2305 174 2355 sie
185 2307 264 2355 etism
276 2304 345 2371 conj.
357 2303 507 2362 deidei-4
521 2305 586 2354 Nom
604 2309 655 2353 tum
673 2304 734 2355 edd.
746 2311 812 2354 vett.
842 2305 907 2354 Nom
917 2306 980 2372 quod
991 2309 1042 2354 tum
1058 2321 1094 2357 me
1106 2307 1170 2358 Vet.
1181 2308 1236 2357 Pu·

133 2379 206 2421 teon.
234 2370 301 2420 Vide
313 2371 391 2422 Nott.
403 2371 479 2422 Verr·
508 2372 591 2420 Psulo
603 2375 671 2432 post,
688 2387 725 2420 me
736 2370 776 2433 qui
784 2371 829 2420 tibi
840 2371 901 2419 edd.
912 2379 973 2420 onte
986 2372 1076 2421 Arntz.
1104 2375 1237 2438 mequeqoi

132 2436 181 2487 tibi
193 2437 257 2486 Exc-
269 2437 348 2500 loeus.
368 2437 479 2498 dilogieti
492 2432 575 2485 Li'rin.
587 2437 690 2500 otiique.
724 2437 797 2498 Mox,
808 2451 886 2487 voces
894 2438 986 2500 purtim
996 2438 1171 2502 depredatione
1182 2440 1236 2489 bor·

133 2501 215 2550 dorico
235 2503 328 2550 desunt
346 2503 371 2561 iu
384 2502 444 2549 edd.
464 2501 579 2550 Rhenen.
599 2501 702 2549 Puteot.
719 2502 809 2564 Steph.
829 2502 912 2549 Lirin.
932 2502 1016 2550 Rivin.
1034 2510 1124 2552 extent
1137 2519 1198 2553 vero
1211 2505 1236 2553 in

101 2569 103 2572 ’
133 2567 197 2615 Ver.
208 2566 320 2619 Puteum
332 2567 434 2616 Bertin.
445 2567 510 2614 Ere.
523 2567 604 2627 Leng.
621 2566 707 2614 Moerl.
720 2581 778 2614 cnm
791 2567 849 2615 edd.
861 2566 939 2615 Grut.
952 2567 1039 2616 Poris.
1050 2569 1165 2617 Puterol.
1177 2571 1236 2617 Cel.

133 2630 183 2682 les.
197 2639 225 2680 et
244 2640 357 2681 receutt.
385 2637 477 2694 portem
493 2632 518 2678 d.
535 2630 659 2680 barbarico
678 2629 791 2694 Guelplr.
829 2630 992 2680 exitiabilibus
1002 2633 1063 2681 edd.
1074 2641 1134 2684 ente
1146 2635 1249 2682 Arute-

132 2695 274 2747 eoeitiotilms
285 2697 347 2745 Vct.
355 2697 440 2744 Lirin.
452 2704 479 2744 et
492 2696 606 2758 Guelpb.
626 2695 716 2758 partim
726 2696 814 2745 milites
826 2697 942 2745 Rhenen.
952 2697 1044 2759 Steph·
1056 2698 1140 2748 Lirin.
1149 2700 1237 2748 Rivin.

130 2764 169 2822 el.
184 2769 248 2813 rett.
264 2763 354 2824 partim
366 2762 437 2811 deest
449 2761 475 2811 iu
487 2761 549 2811 Vet.
561 2762 673 2810 Puteen.
685 2762 745 2812 Vet·
757 2762 840 2811 Lirin.
852 2762 954 2811 Bertin.
966 2763 1053 2812 Moerl.
1065 2765 1130 2817 Exc.
1140 2765 1237 2814 Sciron·

133 2829 196 2876 lior.
206 2827 320 2890 Grrelph.
330 2827 438 2890 Cuspin.
451 2826 530 2876 Grut.
540 2834 567 2875 et
579 2833 693 2875 recentt.
719 2842 885 2889 compressos
895 2827 1002 2890 cuspin.
1016 2828 1132 2878 Rhenen.
1144 2831 1237 2892 Steplr.

134 2894 222 2942 Lirin.
233 2893 317 2942 Banu.
328 2893 415 2941 Rivin.
426 2898 453 2940 et
463 2891 559 2953 Jaeger.
576 2907 627 2942 com
636 2891 712 2940 deest
724 2893 750 2941 in
763 2893 827 2940 Vet.
838 2892 922 2941 Lirin.
935 2893 1021 2943 Moerl.
1034 2894 1147 2958 Guelph.
1158 2895 1236 2947 Grut.

101 2998 105 3005 .
133 2957 222 3007 Paris.
235 2958 351 3007 Peterol.
362 2958 459 3008 cetur.
477 2957 594 3018 ‘pumhic
607 2957 684 3020 plene
696 2956 953 3008 delendum-’Addat
971 2957 1111 3008 ‘uidebatur
1123 2960 1237 3022 Guelplt..

132 3020 221 3072 mele.'
229 3021 365 3074 Arnim-5
379 3018 474 3076 Et'com
484 3022 545 3072 Vet.
556 3023 666 3071 Puteen.
694 3021 730 3070 Ar
741 3037 794 3070 cum
806 3021 919 3085 Guelph.
941 3026 1113 3078 commendasse
1124 3025 1237 3087 Gnclph.

133 3095 163 3139 et
175 3086 236 3141 edd.
248 3096 314 3136 vett.
331 3088 409 3138 ‘Non
420 3089 603 3151 commendasse,
613 3088 658 3137 sed
668 3089 822 3137 commodasse
834 3086 990 3152 legendum!
1002 3089 1112 3140 ercnon.
1137 3105 1236 3140 commo·

133 3154 290 3204 dometium
303 3154 368 3203 Exc·
379 3154 460 3218 Leng.
484 3162 487 3168 ·

632 3232 741 3284 Nouis

167 3330 181 3365 ὓ
199 3332 321 3381 AErorism
331 3330 461 3394 poblicum]
477 3329 510 3379 Id
523 3336 573 3393 est,
583 3329 666 3394 publi·
708 3329 816 3378 stentini
828 3336 947 3394 ternpore
961 3329 1102 3393 preelectus
1115 3332 1238 3396 pretorio

134 3420 193 3458 esur
205 3409 351 3471 pecuniam,
368 3423 444 3472 quern
462 3422 513 3456 non
524 3407 579 3456 siue
591 3420 668 3457 ceusu
708 3406 854 3470 dicebatur,
872 3406 916 3471 qui
930 3407 1054 3456 militibus
1069 3407 1100 3456 ils
1115 3417 1237 3472 preerat,

134 3488 163 3537 in
176 3488 279 3536 Saturni
292 3488 389 3551 templo
402 3487 539 3551 repositam
552 3501 609 3535 esse
621 3486 667 3535 ob·
708 3500 772 3549 qrros
783 3485 924 3548 imperator
934 3485 960 3532 in
973 3487 1011 3533 sni
1022 3485 1164 3535 custodiam
1177 3488 1238 3535 elle·

134 3564 294 3613 serrsrimns
316 3565 340 3611 in
357 3563 437 3611 Plinii
457 3564 585 3626 Panegyr.
609 3577 668 3627 cap.
707 3569 791 3625 geret.
824 3562 967 3626 Postquam
982 3564 1181 3625 veropraetoriae
1194 3577 1236 3611 oo·

134 3648 336 3690 xxxv1.not.⁸.
371 3638 465 3689 AErarii
483 3639 623 3703 prefectos
635 3640 667 3689 eb
707 3640 795 3689 hostes
808 3654 855 3701 pro
867 3640 1003 3688 Maxentio
1021 3630 1110 3688 turbes
1126 3640 1236 3687 excites·

133 3716 257 3778 Augusto
280 3718 388 3782 primum
413 3717 545 3766 instituros
568 3715 668 3765 addunt
708 3714 1238 3781 sent,postcaesnmtyrsnnrrm,lraecdig·

135 3796 275 3845 Suetonius
294 3797 319 3844 in
339 3796 456 3858 Augusto
475 3811 497 3844 e.
512 3799 554 3844 ts.
566 3802 594 3843 et
607 3794 667 3850 Dio,
708 3795 775 3842 nites
795 3794 898 3855 penitns
919 3808 934 3839 a
950 3791 1119 3841 Constantino
1137 3790 1239 3839 subluto

136 3867 185 3923 lii).
198 3886 240 3922 tv.
709 3881 759 3935 est,
772 3876 799 3918 et
811 3871 873 3918 orbe
888 3867 1041 3918 Romanuin
1058 3874 1168 3931 qrratuor
1181 3882 1240 3930 per·

168 3957 181 3984 c
200 3951 249 4007 Qut
271 3949 317 3999 etot
338 3948 431 3999 uiderer
449 3949 573 4014 ejusmodi]
589 3949 668 4012 Vero,
710 3956 749 3996 tes
761 3962 806 3994 sen
818 3946 945 3994 dioeceses
953 3944 1044 4007 diviso,
1054 3955 1239 4007 qrretnorprae·

136 4026 293 4090 sninjurio?
312 4026 454 4075 heudscio.
483 4027 667 4075 Mamertinum
709 4023 772 4074 tecti
796 4024 918 4087 pretorio
946 4022 1037 4076 creati,
1064 4021 1108 4084 qni
1133 4022 1240 4084 singulis

136 4105 271 4168 peculatus
282 4116 353 4151 reum
366 4102 399 4151 ab
414 4102 536 4151 Aritisuo
552 4103 667 4151 deletum
710 4107 870 4162 preessent:
901 4112 1007 4162 quornm
1032 4111 1097 4145 unns
1117 4100 1240 4160 pretorio

135 4179 219 4231 tradit
233 4179 382 4228 Ammianus
395 4179 439 4228 tit.
451 4192 543 4228 xxvrr.
692 4177 860 4238 'Gallienum
888 4177 956 4223 ulter
985 4174 1110 4235 pretorio
1142 4172 1240 4237 ltsli'ae,

170 4255 328 4305 ‘Pretorius
348 4255 491 4320 profecisti]
510 4256 579 4305 Ante
601 4256 667 4306 Con·
709 4251 932 4318 tertiusprsetorio
944 4249 1242 4319 lllyrici‚qusrtusprae·
