2730 4726
187 312 272 378 1202
469 321 694 373 mannarrur
719 296 1012 375 onsuranracus

185 473 293 545 cules,
307 476 385 538 tuus
401 475 530 548 auctor,
546 469 615 553 qui,
631 468 709 533 dam
724 467 809 532 inter
820 467 973 533 bomines
988 473 1071 547 erat,
1086 473 1192 536 terras
1210 493 1282 540 om.

184 594 243 642 nes
264 581 299 639 et
316 592 451 640 nemora
469 571 630 658 pacavit*
650 572 748 636 urbes
762 571 906 636 dominis
922 571 1113 638 crudelibus
1124 581 1138 610 ⁸
1159 575 1283 642 libera·

183 682 243 756 vit,
258 678 359 741 etiam
375 676 465 741 coeio
481 674 628 740 dirarum
643 673 779 739 alitumv
798 674 950 740 volucria
965 676 1033 742 tela
1046 675 1206 757 detraxit,
1220 682 1283 746 eti·

183 801 236 847 am
253 786 388 846 terrores
398 780 553 856 inferum,
566 778 711 843 abducto
722 777 896 854 cnstodc,'
909 781 1137 863 compescuit:
1158 783 1283 849 exinde

183 891 271 950 certe
286 884 501 949 nibilominus
517 890 597 967 post
616 881 853 966 adoptionem¹
873 880 1038 961 coelitum,
1052 882 1076 947 J
1077 891 1282 971 uventaeqne

181 988 399 1066 connubium,
422 990 600 1072 perpetuus
630 991 684 1051 est
710 983 844 1050 virtutis
870 992 1029 1064 assertor,
1055 987 1282 1074 omnibusque

180 1091 314 1158 fortium
337 1091 482 1156 virorum
501 1089 676 1155 laboribus
696 1088 796 1166 iavet,
810 1089 846 1152 iu
866 1088 955 1153 omni
974 1089 1155 1154 certamine
1176 1109 1283 1157 cona·

180 1199 236 1258 tus
252 1192 392 1278 adjuvat
400 1192 574 1275 justiores.
617 1192 649 1256 7.
673 1191 740 1256 His
757 1190 891 1274 quidem
906 1195 994 1256 certe
1007 1190 1142 1270 diebus,
1156 1193 1284 1278 quibus

141 1336 142 1345 κ
180 1296 440 1362 immortalitatis
455 1295 569 1376 origoy
591 1293 790 1372 celebratur,
804 1293 956 1376 instigat,
971 1297 1009 1357 ut
1023 1292 1187 1373 videmus,
1200 1294 1283 1361 illos

179 1400 286 1466 sacris
306 1398 545 1465 certaminibus
567 1397 721 1476 accitos,²
742 1407 782 1461 nt
800 1395 963 1481 pertinaci
978 1395 1195 1463 animositate
1210 1417 1286 1464 cer·

641 1559 819 1583 tunetunc

181 1663 270 1715 Arate
303 1662 389 1714 ‘Setis
400 1665 560 1715 incommode
572 1665 683 1716 antebac
695 1665 721 1714 in
732 1664 851 1715 omuibus
863 1663 966 1714 excoria
976 1663 1049 1715 libris
1057 1662 1204 1730 legebatur,
1216 1665 1284 1717 Her-

180 1731 243 1780 cules
253 1736 317 1792 tear,
328 1730 399 1779 mitto
410 1733 479 1794 qaod,
490 1746 543 1781 cam
552 1732 617 1781 inter
627 1732 733 1781 domines
744 1734 804 1792 eret,
820 1733 862 1794 bc.
896 1729 997 1791 Lectio,
1015 1744 1092 1794 quam
1112 1744 1182 1781 nnuc
1205 1735 1283 1797 primi

180 1799 339 1857 evulgamus,
351 1797 414 1845 mire
427 1796 501 1845 nobie
513 1797 629 1857 arridet3
648 1811 706 1861 quae
717 1810 769 1845 non
780 1795 860 1845 solum
868 1795 894 1844 iu
909 1801 1018 1861 utroque
1029 1795 1097 1845 libro
1112 1796 1236 1848 Gadiano
1248 1813 1282 1849 ex

180 1862 294 1926 antiquis
306 1861 441 1912 codicibus
451 1870 576 1913 annotata
587 1862 697 1925 legitnr3
715 1861 760 1910 sed
776 1861 856 1911 etiam
873 1876 890 1911 a
899 1867 989 1911 nostro
1001 1860 1092 1912 codice
1103 1860 1203 1912 diserte
1219 1876 1283 1914 ceu·

179 1928 307 1976 firmatur.
342 1928 385 1977 Ita
402 1942 463 1978 vero
481 1929 536 1978 baec
549 1928 629 1978 verba
642 1930 708 1977 bene
720 1926 861 1978 concinunt
872 1927 1061 1991 superioribus,
1077 1926 1121 1976 nbi
1132 1927 1165 1977 de
1177 1927 1284 1978 Diocle·

178 1995 249 2043 tiano
265 2007 351 2044 sermo
370 2002 445 2044 erat:
462 1993 528 2043 ‘Ille
545 1994 672 2060 siquidem
690 1992 850 2042 Diocletiani
867 2000 959 2041 auctor
981 1989 1076 2054 Deus,'
1091 1995 1141 2042 &a
1186 1993 1283 2060 Neque

179 2073 247 2109 none
260 2057 357 2125 aliquid
377 2073 425 2122 per
436 2059 641 2122 preteritionem
661 2059 790 2116 omittere,
807 2059 854 2109 ned
875 2058 962 2122 potins
976 2064 1114 2122 utrumqne
1131 2060 1283 2122 exprimere

139 2127 146 2140 “
177 2125 289 2175 voluisse
302 2124 404 2174 videtur
416 2125 596 2186 Mamertinus,
608 2123 679 2190 quid,
690 2139 748 2175 cum
761 2124 872 2174 interris
882 2123 1282 2188 adbncrerraretoallercnlee,

179 2185 207 2239 e't
218 2205 276 2240 cum
289 2191 357 2239 inter
368 2191 467 2239 coelites
480 2197 602 2254 receptus
611 2198 688 2267 esset,
700 2190 794 2253 egerit.
809 2253 816 2266 .
828 2189 897 2238 Mira
909 2195 996 2266 antem
1008 2190 1063 2239 bae
1074 2191 1284 2266 corrrrptelnest,

178 2254 1284 2387 illabili’nstitit'sitiit:iliatattttitibtlttitit}

179 2383 457 2447 potuisset.'Scltworz.
490 2383 792 2446 ExaVonauuctorpnt'.
827 2383 925 2431 Eodem
937 2382 1284 2450 modo,omistotameuptti‚

178 2451 247 2499 bunc
264 2453 349 2498 locum
362 2450 518 2498 emaculavit
527 2449 677 2499 sirmondus
689 2448 721 2497 ad
732 2447 821 2497 Sidon.
834 2448 920 2497 Carni.
932 2461 960 2496 v.
972 2451 1030 2498 354.
1056 2450 1111 2497 dum
1125 2449 1193 2499 inter
1203 2451 1283 2502 codd.

179 2517 261 2566 Livio.
273 2524 301 2565 et
312 2513 414 2565 Berlin.
430 2529 483 2564 cam
493 2515 558 2565 iuter
567 2514 654 2579 vulgg.
688 2514 761 2569 Mox.
774 2512 865 2562 Aratu.
878 2513 920 2561 eui
930 2511 960 2561 eb
970 2528 1066 2563 nemora
1078 2513 1197 2564 vitiosum
1209 2516 1284 2567 vide·

178 2591 230 2642 tur,
239 2582 304 2645 conj.
315 2587 392 2630 terras
402 2595 481 2628 omnes
492 2586 515 2629 et
527 2594 621 2643 equora
628 2596 638 2638 ,·
654 2578 803 2628 sirmondus
816 2575 848 2626 ad
861 2578 950 2627 Sidon.
961 2579 977 2625 Ι.
990 2581 1007 2626 Ι.
1017 2578 1091 2638 citat,
1108 2585 1186 2629 terres
1201 2595 1284 2631 omues

177 2653 201 2696 ct
212 2652 335 2703 menatem·
353 2646 400 2694 Vir
411 2645 516 2695 clariss.
528 2645 653 2695 Bibliotn.
665 2644 731 2695 Crit.
744 2654 807 2693 tom.
819 2657 851 2692 11.
863 2649 932 2702 part.
946 2647 969 2691 1.
977 2646 1050 2706 ple.
1062 2643 1192 2704 emendat,
1204 2651 1284 2696 terrae

175 2727 255 2762 omncs
265 2718 290 2761 ct
299 2711 385 2761 moria
417 2711 481 2759 Exc·
492 2709 637 2760 Scbonltor.
649 2708 738 2768 etjam
752 2709 818 2758 coelc.
850 2708 919 2757 Edd.
931 2716 991 2759 ante
1003 2709 1110 2772 Caspia.
1129 2711 1284 2762 summitte

174 2779 291 2828 detrusit.
308 2777 370 2826 Vet-
378 2775 439 2826 Pnt.
449 2776 550 2826 bertin.
562 2775 620 2825 cod.
630 2774 745 2830 Gruteri‚
757 2772 815 2824 cod.
826 2772 1010 2832 Schwarzii,et
1020 2775 1133 2838 Goelpb.
1144 2775 1205 2826 item
1218 2776 1282 2829 edd.

177 2845 282 2894 Pnteoi.
294 2846 367 2893 1476.
384 2843 478 2890 column
493 2842 541 2891 teto
557 2841 673 2891 detraxit.
691 2840 757 2890 lirc-
774 2839 857 2901 Laug·
874 2838 940 2888 Exc-
959 2839 1104 2890 Scbonhoc.
1124 2839 1191 2892 Erre.
1203 2841 1283 2891 Voss.

178 2923 238 2959 cnm
256 2909 315 2958 edd.
327 2907 434 2969 Crispin.
446 2907 525 2957 Grut,
536 2912 562 2955 et
575 2912 686 2958 reeentt.
708 2906 774 2955 Exc.
787 2904 865 2955 Voss.
875 2903 998 2954 omittunt
1009 2906 1082 2955 etium
1092 2913 1153 2955 ante
1168 2910 1282 2958 terrores.

177 2972 246 3024 Edd.
260 2982 320 3023 ante
333 2973 418 3021 Livio.
427 2971 576 3035 compescuit.
610 2971 717 3032 Exinde,
726 2972 767 3033 tre.
788 2967 857 3020 Edd.
869 2976 937 3019 vett.
949 2978 976 3020 et
988 2970 1076 3020 Rivin.
1092 2971 1207 3020 ducenta
1224 2987 1283 3022 con·

176 3040 272 3089 sudium
279 3053 289 3094 ,·
305 3037 417 3099 Guelpir.
425 3037 575 3087 Erc.Vosr.
585 3036 848 3096 Exc.Lnnp.Bertin.
856 3034 917 3085 Vct.
925 3035 1037 3086 Puteau.
1046 3035 1153 3100 Cuspio.
1163 3035 1241 3087 Grnt.
1255 3046 1285 3088 et

177 3102 473 3164 resecandumque.
498 3101 603 3150 Puteal.
618 3105 697 3164 Ι1476.
715 3101 833 3150 Riienan.
852 3101 961 3161 Navius,
980 3101 1015 3151 Η.
1033 3101 1126 3165 Stepir.
1145 3107 1173 3151 et
1198 3102 1281 3152 bivio.

176 3169 325 3231 emittamque
331 3183 341 3225 ;
358 3168 420 3215 Vct.
432 3166 534 3216 Bertiu.
546 3167 700 3216 litavere.
712 3164 789 3216 codd.
804 3165 932 3215 Schwarz.
946 3166 1052 3230 Cuspio.
1064 3174 1092 3216 et
1104 3173 1217 3217 recentt.
1230 3182 1282 3218 cat-

177 3235 298 3298 aibasqae.
335 3232 461 3297 Denique,
472 3237 496 3282 et
507 3233 533 3281 in
544 3231 609 3280 omni
620 3231 686 3295 conj.
703 3230 838 3281 Lirim—⁷
858 3231 945 3295 Rivis.
964 3235 987 3280 1.
1003 3233 1105 3294 imttgut
1121 3238 1146 3282 et
1166 3231 1282 3283 eidem·

176 3298 245 3363 Edd.
256 3306 317 3349 ante
326 3297 455 3348 Schwarz.
466 3299 544 3348 illeso
558 3297 642 3348 sacris.
665 3295 733 3346 Vide
745 3297 823 3347 Nott.
836 3295 912 3346 Vnrr.
935 3297 988 3346 Pro
1003 3297 1112 3348 certandi
1123 3296 1239 3362 Guelpb.
1251 3302 1281 3351 et

673 3445 785 3497 NOTAE

208 3545 338 3594 ‘Nemora
361 3544 468 3609 pacavit]
496 3543 607 3595 Domitia
634 3557 706 3593 mou·
779 3549 796 3574 v
811 3541 921 3593 Adducto
935 3541 1043 3606 custode]
1057 3538 1182 3597 Cerbero.
1200 3554 1280 3605 qoem

176 3623 247 3673 stris.
747 3617 860 3667 vinctum
873 3619 953 3666 traxit
964 3618 995 3666 nd
1008 3625 1101 3668 terras.

209 3705 222 3732 ¹
238 3696 499 3761 Dmelniecrndelibns]
513 3696 704 3758 Diomedeliu·
778 3702 791 3728 ¹
819 3695 881 3744 Post
902 3691 1064 3758 adoptionem]
1091 3690 1132 3743 De
1153 3690 1280 3744 Herculis

176 3776 265 3834 sirlde,
277 3776 410 3839 Geryone,
422 3776 472 3823 &a
747 3772 880 3836 apotheosi
893 3771 970 3820 babet
982 3769 1061 3820 oud.
1071 3769 1139 3820 Met.
1150 3782 1191 3821 rx.
1203 3774 1264 3820 tto.

209 3851 355 3902 'Diuorum
375 3849 472 3912 obtem]
491 3849 707 3914 stymphalidem,
777 3857 789 3892 t
807 3850 999 3899 immortalitatis
1016 3847 1095 3911 origo]
1112 3847 1145 3897 Id
1162 3855 1213 3906 eet,
1233 3863 1280 3898 ua-

176 3943 192 3978 a
213 3929 362 3994 Stymphale
381 3927 501 3977 Arcadiae
521 3926 609 3984 fluvio,
632 3928 705 3991 enjus
745 3928 810 3977 tales
822 3927 910 3982 vestri,
920 3926 1011 3989 quibus
1022 3938 1066 3974 eas
1077 3925 1187 3974 virtutes
1197 3924 1279 3975 debes

176 4005 247 4069 ripas
275 4005 429 4056 inridebant.
463 4006 592 4056 Dicuntur
619 4014 706 4055 autem
746 4007 789 4061 tis,
802 4019 859 4068 qoae
878 4003 949 4053 vobis
966 4002 1184 4052 immortalitatem
1197 4014 1279 4066 pepe·

176 4084 208 4133 iis
225 4082 306 4133 fnisse
330 4085 376 4134 telo
400 4083 515 4143 volucria,
532 4081 599 4148 quod
618 4096 705 4131 eorum
747 4096 812 4131 rere.

176 4173 281 4223 peona,
302 4161 386 4212 instar
403 4162 546 4227 jaculorum
570 4169 657 4211 esseut
679 4175 706 4210 e·
779 4157 1062 4208 'Socriscertominlbns
1071 4153 1172 4219 accitos]
1184 4154 1215 4206 id
1225 4162 1277 4219 est,

177 4237 299 4288 missitia.
683 4251 684 4255 ¹
754 4235 883 4286 Hercules
910 4235 943 4285 ad
968 4235 1150 4285 solennitatem
1170 4241 1277 4285 tuorum

437 4392 444 4421 t
