2730 4726
50 359 59 373 .
125 299 214 371 126⁰
511 315 678 368 scurror
703 315 848 367 orreum

126 463 321 545 vagabatur,
338 467 474 547 repente
487 461 599 529 insula
612 461 719 529 Deios
731 461 905 540 existeret,
917 460 992 545 ejus
1004 463 1094 526 nuuc
1110 461 1230 542 simile,

127 571 180 630 tot
201 565 383 630 orientibus
406 566 554 648 undique
577 565 785 643 civitatibus,
801 569 851 630 tot
867 562 988 629 insulis
999 563 1244 630 adhumanas.

127 669 239 732 cultus
269 667 370 750 quasi
398 669 669 745 renascentibus,
698 665 842 731 evenire.
885 665 919 730 3.
949 665 1029 730 Nisi
1049 664 1151 730 sorte·
1167 685 1247 731 non*

128 771 263 852 gravior
278 769 487 834 Britanniam
510 773 606 834 ruina
629 769 861 854 depresserat,
875 788 977 852 quam
1000 769 1031 832 si
1052 768 1244 852 superfuso¹

127 875 289 954 tegeretur
304 871 464 953 Ocean03
485 893 575 957 quae,
595 870 859 957 profundissimo
881 879 1078 955 poenammt'
1104 873 1247 954 gurgite-

126 973 285 1051 liberata,
301 974 345 1038 ad
361 982 581 1057 conspectum
598 974 765 1038 Romanae
788 973 878 1037 lucis
900 973 1057 1037 emersit:
1077 978 1138 1038 aut
1155 973 1232 1038 'heco

127 1077 216 1159 ipsa,
232 1095 310 1159 quae
328 1076 429 1174 modo
452 1077 575 1141 desinit
596 1096 672 1141 esse
697 1075 862 1152 barbaria,
877 1094 946 1139 nou
967 1075 1077 1158 magis
1101 1075 1248 1141 feritate*

129 1179 339 1245 Francorum
355 1181 448 1245 velut
462 1181 586 1244 hausta
601 1179 799 1257 desiderat,q
814 1198 917 1262 quam
938 1179 969 1242 si
989 1197 1066 1242 eom
1079 1180 1233 1243 *circum-

127 1282 203 1347 fusa
228 1283 377 1362 flumina,
402 1287 438 1347 et
462 1302 554 1347 mare
580 1282 712 1346 alluens
738 1281 939 1364 operuisset.
981 1281 1016 1343 4.
1038 1278 1133 1343 Nam
1154 1281 1234 1365 quid

128 1405 190 1468 ego
206 1385 347 1463 alarum,
364 1392 399 1449 et
415 1384 599 1449 cohortium
623 1391 737 1448 castra
759 1401 986 1466 percenseam,
1003 1386 1077 1446 toto
1102 1381 1234 1460 Rheno,

127 1496 163 1551 et
178 1487 279 1565 Istro,
304 1492 338 1551 et
357 1486 531 1571 Euphrate
553 1487 657 1550 limite
678 1487 860 1550 restitutet
894 1483 1084 1564 Qua'veris
1098 1490 1233 1548 autum-

128 1590 206 1654 uire
227 1589 406 1653 clementia
421 1595 470 1653 tot
486 1608 586 1652 manu
601 1589 725 1672 positae
741 1589 879 1652 arbores
890 1586 1144 1668 convalescunt,
1165 1606 1232 1671 quo

129 1691 243 1756 calore
260 1690 343 1755 solis
358 1698 409 1755 tot
424 1690 595 1774 depressae
620 1689 784 1755 imbribus
805 1695 935 1772 segetes
950 1695 1137 1770 resurgunt,
1154 1686 1243 1772 quot·

128 1795 254 1876 ubique
269 1795 364 1871 muri,
374 1795 434 1857 vix
445 1794 587 1876 repertis
599 1799 751 1856 veterum
764 1790 1059 1856 fundamentorum
1073 1790 1243 1872 vestigiis,

129 1895 346 1960 excitanturi
389 1898 422 1961 5.
445 1893 554 1973 Adeo,
576 1902 614 1960 ut
636 1914 690 1959 res
710 1900 771 1970 est,
789 1911 892 1958 aurea
912 1893 974 1958 illa
990 1891 1145 1964 saecola,²
1158 1912 1233 1976 quae

127 2017 192 2064 non
223 1998 280 2064 diu
305 1998 473 2082 quondam
498 1997 643 2063 Saturno
670 2017 746 2080 rege
770 1997 957 2079 viguerunt,
979 2013 1069 2058 nunc
1096 1995 1233 2060 aeternis

129 2099 292 2185 auspiciis
305 2100 328 2166 J
331 2103 404 2165 ovis
419 2106 453 2166 et
467 2100 631 2165 Herculis
646 2106 872 2165 renascuntur.
1075 2109 1079 2113 ’

133 2242 136 2248 ·
153 2216 156 2225 ·
172 2200 263 2266 Gne.
274 2219 367 2265 xix.
395 2202 441 2268 “1.
465 2201 534 2267 Sed
551 2203 652 2280 enim,
665 2201 774 2281 V.P.,
788 2201 1097 2283 interuentuque
1110 2199 1234 2265 virtuto

129 2303 327 2387 Principum
351 2324 393 2370 ae
416 2305 578 2370 felicitate
603 2312 806 2384 recreantur,
823 2306 892 2368 sint
913 2303 994 2367 licet
1008 2302 1154 2367 fortasse
1168 2303 1235 2367 alia

129 2406 360 2488 magnitudine
376 2415 478 2492 atque
494 2408 639 2474 utilitate
654 2400 798 2492 potiora,
813 2407 895 2471 nihil
917 2412 971 2470 est
993 2409 1105 2470 tamen
1129 2404 1236 2470 admi·

78 2717 85 2725 ,
129 2683 180 2720 non
198 2669 441 2732 dubitast’uoeger.
475 2671 542 2722 Vide
560 2673 724 2723 Nott.Varr.
758 2673 813 2722 Pro
832 2658 935 2734 undiquc
951 2669 1099 2726 civitatibus,
1118 2667 1237 2732 duent.

129 2735 217 2796 babet,
228 2751 275 2784 non
285 2736 422 2784 civitatibus
428 2751 439 2794 ,·
456 2737 522 2786 rrnde
534 2737 624 2788 Arutz.
636 2740 703 2802 conj.
720 2754 782 2788 nurse
792 2737 940 2794 ciuitatibus,
952 2736 985 2784 ob
997 2736 1085 2799 priora
1101 2733 1192 2783 ‘uene
1203 2734 1235 2782 ri·

129 2799 256 2850 mile.'—3
275 2801 325 2849 ‘Si
339 2800 434 2864 perfuso
450 2802 569 2865 tegerent]
586 2803 617 2851 In
632 2802 716 2852 iocum
732 2804 808 2866 hujus
827 2803 928 2852 vitiosae
945 2801 1081 2864 scripturae
1099 2813 1133 2848 ex
1150 2798 1235 2848 Berti-

129 2865 211 2914 nieusi
223 2866 356 2929 superfuso,
367 2877 393 2915 et
404 2881 437 2914 ex
448 2869 529 2917 veteri
543 2868 602 2918 cod.
616 2868 725 2918 Lirioeii
736 2873 866 2929 tegeretur,
879 2873 1049 2930 reposuerunt
1061 2864 1234 2919 Paririeores,

130 2930 265 2992 Cetisrios,
285 2939 313 2979 et
336 2931 453 2980 Putaroi.
475 2929 634 2995 suffragante
656 2935 736 2982 etium
759 2935 817 2981 cod.
839 2933 950 2981 Puteau.
972 2941 1000 2981 et
1021 2928 1117 2979 Meri:
1142 2930 1235 2990 Jaegrr.

129 2995 247 3058 Pighius,
266 3009 312 3055 pro
327 3011 459 3058 panarum,
471 2998 540 3063 conj,
558 2999 702 3056 Pictonum,-
721 2997 843 3047 Balduin.
857 2997 920 3060 legit
932 2996 1076 3050 Pictorum
1092 2994 1124 3043 at.
1143 2994 1234 3056 prede·

128 3074 193 3108 nom.
235 3059 361 3108 ‘Praeter
383 3060 490 3123 cuspin.
510 3062 587 3110 etiarn
611 3062 672 3113 Vet.
694 3063 815 3123 Livineii,
834 3061 992 3111 Bertinieor.
1012 3061 1125 3109 Putean.
1146 3059 1234 3108 Moeri.

128 3123 227 3172 babent
240 3138 378 3186 poenurumr
393 3125 461 3174 idern
480 3126 630 3175 vocabulum
649 3128 825 3177 Schonbovius
841 3142 944 3189 qrroqoe
962 3125 994 3174 ad
1010 3139 1081 3173 oram
1095 3122 1162 3173 edit.
1174 3124 1234 3172 Fro-

129 3187 189 3238 ben.
201 3188 340 3251 ascripsit!
356 3190 449 3251 «teger.
483 3191 549 3240 Vide
562 3192 726 3244 Nott.Varr.
759 3191 934 3251 Proseritute,
955 3190 1023 3254 qood
1043 3196 1150 3238 servant
1170 3189 1234 3238 Exc.

128 3251 273 3302 Sohoubov.
286 3255 346 3303 Vet.
359 3255 471 3305 Putean.
488 3257 521 3304 ai.
536 3257 638 3306 aeritote
655 3258 751 3320 iegitur
767 3257 793 3305 in
813 3256 872 3306 edd.
892 3255 1045 3320 quibusdam
1062 3260 1127 3303 vett.
1161 3253 1235 3308 Mox,

129 3331 177 3381 pro
187 3318 317 3380 derideret,
330 3319 414 3369 Livio.
426 3321 507 3369 Burin.
519 3329 544 3368 et
558 3322 660 3370 Cortius
677 3323 746 3385 conj.
763 3323 885 3370 desederat
892 3337 902 3379 ,·
920 3318 1044 3370 Arutzeri.
1062 3319 1162 3379 senior,
1173 3319 1234 3366 deri·

128 3384 204 3432 deret
237 3384 324 3432 Moerl.
334 3384 411 3433 habet
423 3386 542 3434 deciderat
550 3402 560 3443 ‚-
576 3387 691 3450 Guelph.
707 3388 870 3435 derideat—4
888 3385 955 3435 Edd.
973 3393 1035 3435 ente
1047 3383 1176 3432 Arntzeu.
1191 3383 1235 3431 br·

128 3445 193 3497 beot
204 3452 253 3496 tcto
266 3448 353 3511 Rheni,
363 3455 387 3499 et
399 3451 468 3510 istri,
478 3455 501 3499 et
512 3451 657 3513 Euphratis:
669 3453 823 3501 Arntzeninr
836 3465 898 3500 vero
915 3465 930 3499 e
945 3451 1003 3500 cod.
1016 3450 1131 3513 Guelpb.
1143 3449 1234 3500 tertio·

130 3525 189 3561 nem
201 3520 314 3561 nostram
327 3515 449 3564 restituit.
476 3516 844 3580 Quouuatumrriqueflnetph.
866 3516 921 3565 Pro
930 3513 1102 3577 erraberunt,
1110 3512 1235 3563 Baldnio.

130 3577 395 3643 tepuerimus-o
413 3580 571 3630 Vct-Livio.
587 3595 634 3630 aon
650 3583 757 3633 caterno.
783 3617 786 3624 -
1092 3600 1095 3604 ’

626 3711 737 3763 NOTAE

129 3805 155 3855 in
168 3818 199 3855 eo
211 3804 302 3855 insule
314 3806 443 3870 plurimrs,
455 3823 512 3872 quae
524 3808 661 3873 Cyclades,
702 3811 835 3872 Pictorum,
850 3821 934 3874 neque
945 3807 1036 3857 meiius
1047 3805 1092 3871 qui
1105 3806 1234 3857 Poenorum

130 3887 158 3932 et
169 3882 300 3947 Sporades
310 3883 486 3946 appellantur.
700 3888 811 3936 molunt.

151 3965 175 4009 ,Ρ
194 3958 336 4022 Poenorum]
353 3957 405 4007 Aru
421 3960 574 4021 predonum,-
590 3962 660 4027 qnod
733 3958 905 4021 ⁴¹Desiderot]
924 3958 1154 4023 Forte,deaederot.

129 4033 191 4084 mihi
210 4034 314 4098 quidem
334 4049 384 4083 uon
402 4034 574 4098 improbetur,
594 4038 661 4088 hetto
733 4039 841 4089 'Aureo
857 4039 899 4086 uu
915 4031 1014 4095 ceculo]
1031 4033 1112 4082 ovid.
1129 4033 1198 4083 Met.
1214 4045 1248 4085 a<

131 4109 199 4160 enim
215 4110 341 4174 ejusmodi
356 4112 490 4161 latrocinia
510 4113 661 4176 pierumque
701 4119 742 4166 89.
759 4115 865 4165 ‘Aurea
878 4115 959 4177 priora
970 4121 1027 4162 sata
1038 4117 1078 4160 ert
1090 4108 1173 4163 setar)
1185 4111 1234 4158 &c-

132 4192 216 4236 νοω.
255 4186 327 4235 Male
349 4200 411 4236 vero
431 4186 573 4238 Batduiuos
596 4189 660 4253 teuit
