2730 4726
484 327 791 380 erumumnuur.
809 329 852 380 u.
874 316 907 378 5.
1144 314 1234 381 2116!

125 478 425 566 metonomiam,
446 496 526 542 uum
549 475 682 540 hostem
697 473 874 540 barbarum
891 495 1027 540 auorum
1044 475 1236 541 culturum·e

128 585 278 660 restibus
294 580 612 647 vestatoeimitatus
625 575 697 642 eset
741 579 775 642 4.
798 577 900 657 Quod
923 586 986 660 eg‘o
1005 581 1126 644 cursim
1149 597 1235 663 prae-

127 694 240 753 teneo:
274 685 373 750 video
393 683 494 759 euim,
520 690 565 761 te,
589 700 658 766 qua
680 679 808 764 pietate
832 701 883 762 es,
916 682 1117 748 oblivionem
1140 681 1235 747 illius

125 789 288 855 uictoriae
303 787 417 864 malle,
431 807 532 871 quam
550 787 703 868 gloriam.

174 891 268 957 Cae.
285 907 320 954 u.
354 891 387 954 l.
411 888 514 968 Quod
529 908 609 954 vero
624 891 751 969 statim,
761 888 901 956 vixdum
917 887 1037 953 misero
1051 887 1111 953 illo
1124 887 1237 952 surore

127 994 259 1077 sopito,
281 1012 360 1056 eum
382 1011 496 1057 omnes
515 991 668 1056 barbarae
688 992 845 1057 nationes
868 990 1041 1056 excidium
1064 991 1235 1055 universae

128 1097 259 1162 Gallim
276 1097 493 1174 minarentur,
508 1115 618 1180 nequo
632 1097 744 1161 solum
760 1091 1034 1178 Burgundionesj
1051 1099 1085 1159 et
1098 1092 1237 1159 Alama-

129 1196 197 1276 ui,k
221 1199 281 1264 sed
297 1199 399 1265 etiam
414 1196 630 1264 Chaibones¹
649 1199 843 1283 Erulique,¹¹¹
860 1198 987 1263 viribus
1004 1199 1103 1282 primi
1116 1197 1236 1290 barba·

128 1322 256 1378 rorum,
279 1301 366 1366 locis
382 1302 502 1379 ultimi,
527 1304 696 1388 praecipiti
721 1304 846 1386 impetu
861 1303 895 1365 in
910 1301 973 1366 has
989 1303 1180 1385 prouincias
1193 1302 1238 1367 ir·

130 1408 289 1478 raimoni,
313 1406 391 1490 quis
413 1406 509 1469 Deus
534 1414 603 1470 tam
625 1407 829 1490 insperatam
856 1405 1000 1471 salutem
1026 1404 1126 1470 nobis
1148 1411 1239 1470 attu-
1319 1471 1320 1474 ,

129 1508 328 1586 lieset,niei
344 1514 380 1572 tu
395 1507 576 1572 nituisses?
608 1509 642 1572 2.
656 1508 741 1573 Tum
759 1510 858 1584 enim,
874 1507 997 1572 diuinae
1015 1507 1237 1591 providentie

128 1611 335 1693 Imperator,
350 1609 611 1693 consiliumne,
628 1630 728 1695 quam
744 1612 778 1674 vi
793 1610 921 1675 bellum
935 1610 1115 1693 gerendum
1130 1616 1238 1688 ratus,

134 1720 267 1778 ceteros
289 1711 424 1797 quidem
441 1712 644 1797 perduelles,
669 1715 790 1799 quibus
804 1713 948 1799 parabat
965 1713 1043 1798 ipsa
1058 1712 1238 1780 multitudo
1299 1736 1302 1743 ’

170 1887 181 1914 e
193 1881 323 1942 Agrorum.

596 1955 780 1981 ereeeeuoeeo

129 2055 275 2121 nepet'itur.
296 2054 375 2106 'Inde
388 2058 444 2122 jam
462 2057 596 2110 Acidaliae
613 2059 741 2109 alterutro
757 2059 813 2109 loeo
828 2059 931 2124 peditem
948 2057 1085 2124 legendum
1103 2072 1161 2110 erse
1179 2072 1239 2109 eeu·

136 2125 204 2185 errit3
220 2125 426 2173 commodissime
438 2140 508 2182 vero,
518 2133 595 2188 prout
605 2140 674 2179 urrne
687 2138 819 2184 excusum,
831 2134 907 2189 atque
920 2125 997 2173 etiam
1009 2126 1035 2173 in
1048 2131 1136 2175 nostro
1148 2125 1239 2176 codiee

132 2192 264 2250 seriptum
277 2192 325 2243 est.
336 2195 419 2238 erutor
430 2191 463 2239 ad
473 2191 587 2253 peditem,
602 2196 686 2254 postor
696 2189 852 2254 ad'equr'tem,
864 2188 995 2240 retertur!
1012 2189 1133 2239 Selroorz.
1168 2191 1241 2255 Moe,

131 2255 176 2302 'De
184 2254 264 2318 ΔΙῑοος
276 2254 366 2317 spicit.
378 2255 444 2304 Criu.
456 2271 482 2318 p.
493 2259 536 2304 te.
549 2255 650 2305 emend.
666 2255 768 2305 rusticus
779 2260 929 2311 vastatorem,
941 2256 982 2314 dre.

167 2318 239 2368 Gne.
249 2332 277 2367 v.
310 2321 323 2366 1
341 2319 409 2375 Quid
423 2321 486 2370 esim
499 2322 584 2370 statim
595 2321 658 2369 Ver.
669 2321 755 2370 Lirin.
766 2320 835 2370 unde
846 2322 904 2369 itte:
924 2320 989 2377 Quid
999 2319 1134 2370 enimuero?
1149 2320 1242 2382 statim,

130 2385 176 2443 de.
202 2383 268 2432 Cod.
285 2382 432 2446 Submerzii,
442 2384 509 2441 Quid
525 2401 589 2435 sero.
615 2385 773 2436 Arutaeuiur
786 2385 852 2448 conj.
866 2385 930 2441 Quis
942 2400 996 2435 rem
1003 2400 1013 2442 ,·
1029 2385 1160 2447 nut‚'erid
1170 2391 1241 2435 vemt

130 2448 267 2507 ‘Eldikius,
280 2448 348 2503 Quod
359 2462 413 2498 uero
424 2449 515 2511 fotam.
547 2451 622 2511 Mox,
632 2456 682 2500 tum
693 2466 772 2500 omnes
783 2452 888 2500 Puteal.
901 2454 974 2500 rito.
990 2451 1072 2499 llben.
1085 2450 1192 2513 Crispiu.
1204 2446 1241 2499 il.

129 2514 270 2576 ·Steplr.·et
283 2512 370 2562 Rivin.
383 2518 405 2564 1.
437 2514 498 2563 vro.
510 2516 588 2565 Noti.
601 2515 677 2565 Varr.
711 2516 794 2566 Paulo
811 2524 869 2579 post
885 2515 960 2564 codd.
978 2514 1096 2573 Livineii
1111 2517 1243 2580 ormense,

140 2579 272 2643 (teutones,
284 2578 409 2641 Cunisrer,
420 2579 461 2628 rel
482 2579 623 2631 Cbotiouee.
648 2581 710 2630 Ere.
723 2580 799 2631 Voss.
812 2587 839 2631 et
850 2580 963 2643 Guetplr.
973 2581 1096 2631 Cuitoues.
1112 2579 1242 2644 Erebique

137 2644 250 2695 adoris
260 2643 403 2693 ultime-2
416 2644 452 2693 Te
462 2645 525 2694 enim
536 2645 597 2694 edd.
610 2653 672 2695 ente
681 2645 807 2697 Arutzeu.
823 2647 831 2675 ⁸
843 2646 874 2695 In
886 2645 976 2696 codiee
989 2654 1089 2706 nostro,
1102 2659 1148 2708 pro
1160 2642 1241 2706 perti-

129 2708 207 2772 ·eipio
217 2714 295 2770 retus,
305 2709 430 2772 scriptam
443 2717 484 2758 est
495 2711 601 2767 martir
612 2719 639 2760 et
652 2718 711 2774 post
722 2712 771 2761 boe
784 2711 889 2761 verbum
903 2711 1008 2774 ponitur
1019 2711 1121 2776 integra
1135 2709 1241 2759 distino-

139 2774 184 2823 tio.
219 2774 293 2823 Idem
306 2775 411 2824 verbum
424 2775 502 2827 etlsur
513 2774 540 2824 in
551 2775 635 2825 attero
646 2776 713 2826 libro
725 2774 846 2827 (ludione
858 2782 1008 2825 annotatum
1022 2781 1072 2825 eet.
1107 2776 1202 2824 Posset
1212 2771 1241 2822 ld

131 2839 264 2899 'tolererl3
282 2840 327 2889 sed
346 2839 403 2889 siue
420 2840 499 2889 dubio
517 2841 660 2890 meliorest
680 2842 784 2905 vulgatu
797 2842 886 2904 leutio,
899 2855 973 2901 quam
991 2840 1070 2890 ceteri
1082 2837 1143 2888 libel
1153 2851 1242 2887 ourrres

138 2903 303 2954 confirmant.
335 2903 371 2954 Ar
390 2905 601 2968 insequentibus
618 2906 687 2955 inter
699 2906 860 2968 pronomina,
876 2905 959 2969 quibus
977 2905 1037 2969 ipso,
1054 2902 1136 2953 codex
1153 2909 1242 2952 noster

132 2969 368 3033 ¹retis-opportune
386 2971 528 3035 interponit
547 2972 654 3021 uerbum
670 2972 779 3036 peretot,
797 2971 863 3020 bunc
876 2972 901 3019 iu
913 2968 1027 3027 modurn,
1044 2973 1133 3020 eeteros
1148 2969 1242 3034 quidem

640 3118 752 3172 NOTAE

135 3215 255 3264 tionibus
279 3220 321 3264 est
341 3221 423 3265 ordor
449 3216 560 3280 equitem.
593 3217 670 3270 Quod
744 3216 897 3283 temerat]
916 3198 1011 3280 l'opull
1026 3214 1185 3274 Germania.
1204 3215 1242 3266 lu-

139 3293 270 3342 Grote'rus
281 3297 309 3340 et
319 3291 451 3342 Puteanus
462 3292 489 3340 lu
500 3292 616 3343 editione
626 3309 671 3342 rua
713 3300 752 3344 ter
765 3294 894 3350 Rhenum,
911 3295 1038 3351 Menum,
1050 3308 1081 3343 ee
1093 3292 1242 3344 Danubium

134 3368 212 3432 juxta
234 3375 337 3416 veteres
358 3366 462 3415 codices
480 3375 672 3431 expunxerunt.
712 3385 812 3433 omnes,
824 3369 1117 3436 Hermundurorumque
1134 3369 1242 3421 coufiui·

140 3445 201 3495 Hoe
221 3454 306 3496 sertem
325 3446 350 3495 iu
372 3446 429 3496 loeo
449 3446 515 3496 seire
533 3445 671 3497 admodum
712 3462 754 3497 um
768 3446 921 3496 incolentes.

140 3521 278 3585 Bagsudas
289 3523 434 3586 emittetur,
444 3523 486 3587 qui
496 3536 553 3573 cum
564 3524 672 3574 rustice·
746 3521 753 3557 ¹
769 3521 912 3586 cteiboues]
928 3522 1000 3575 Quos
1019 3522 1156 3580 Curiones,
1175 3517 1243 3587 Cay-

131 3597 402 3658 ultramuraneum
416 3599 557 3661 agrestium
574 3599 672 3648 ruitum
705 3600 803 3657 bones.
813 3599 959 3663 (limones,
971 3599 1098 3649 Curiones
1110 3600 1150 3648 rel
1163 3599 1243 3649 etiem

140 3675 247 3724 militari
264 3675 353 3723 habitu
370 3680 567 3724 commutarant.
602 3675 672 3726 Quo·
713 3676 857 3729 cbebioues
877 3676 953 3740 aliqui
973 3677 1115 3739 appellent.
1148 3675 1244 3739 Populi

129 3752 221 3803 morlo
240 3765 301 3801 vero
315 3765 332 3800 a
346 3750 511 3801 Maximiano
530 3753 672 3815 compressi
705 3757 773 3801 sunt
795 3751 953 3815 Germaniae,
976 3752 1008 3800 ed
1034 3752 1119 3801 Albim
1138 3749 1243 3801 flrrvionr

129 3830 205 3886 nint,
216 3827 333 3878 referunt
346 3827 487 3890 Eutropius
499 3834 527 3878 et
538 3829 640 3878 Victor.
705 3827 851 3889 ‘thuringis
869 3826 987 3890 finitimi3
1006 3827 1049 3877 ubi
1070 3841 1137 3876 nune
1155 3826 1244 3878 Deae»

173 3905 183 3951 t
198 3903 395 3968 Βινςιυιαὶωιεε]
410 3905 462 3976 Seu
473 3904 618 3968 burgundi,
627 3916 672 3970 po·-
707 3906 792 3968 ‘bergo
803 3911 831 3955 et
841 3904 1046 3970 Leuemburgom
1063 3904 1159 3969 oppida
1173 3911 1243 3956 suut.

129 3979 672 4048 -pullGermaniaejnxtaflumenoderam,
715 3982 810 4029 Glueer.

131 4059 185 4124 uprl
199 4059 309 4123 primum
328 4057 672 4121 cnsrrornm‚‹deindeatr-
707 4062 712 4071 ”
744 4065 767 4090 ¹²²
783 4056 909 4120 Erulique]
941 4057 993 4106 Seu
1022 4055 1121 4117 Heruli,
1153 4058 1245 4122 populi

142 4147 276 4184 mauorum
294 4147 377 4198 agros,
395 4132 497 4188 demum
515 4128 613 4184 Gillias
630 4146 673 4186 oe·
709 4134 861 4184 ¹Germaniae
878 4132 938 4180 olim
952 4131 1083 4194 regionem
1100 4133 1243 4186 incolentes

142 4217 314 4276 depaverunt.
706 4210 745 4261 ad
758 4209 982 4275 *Septentrionem
999 4209 1063 4260 marl
1080 4210 1198 4277 (iudano,
1210 4201 1243 4262 ad
