2730 4726
384 303 669 355 senseramus.
707 278 849 355 xtuli.
1076 289 1163 359 lara

112 451 202 519 car.
219 466 302 516 xlv.
345 449 377 514 1.
400 449 490 524 Nam
509 448 644 514 delicati
665 448 716 513 illi
740 466 781 513 ac
804 448 976 526 fluentes,⁰
999 455 1034 514 et
1049 453 1163 535 quales

66 555 144 623 tulit
159 574 253 639 saepo
267 553 469 639 respublica,
484 572 601 636 parum
615 571 653 618 se
668 553 780 621 lautos
795 553 970 634 putabant,
986 553 1053 618 nisi
1066 555 1164 621 luxu-

67 659 122 725 ria
136 660 294 725 uertisset
304 667 447 734 aunum,⁶
462 657 526 722 nisi
536 656 694 740 hybernae
707 655 837 740 poculis
847 673 934 719 rosae
945 653 1165 736 innatassent,

66 763 135 848 uisi
150 762 274 832 tcstiva
287 762 321 826 in
335 761 473 843 gemmis
488 759 691 842 capacibus¹
704 759 811 841 glaeie
826 758 970 824 Falerna
979 759 1164 842 fregissent.

66 865 100 934 2.
125 864 257 930 Horum
272 864 361 947 gulae
376 872 537 946 angimus
551 871 623 928 erat
637 869 750 931 noster
762 863 871 927 orbis:
893 882 1040 946 namque
1059 882 1165 947 appo·

68 970 156 1034 sitas
170 969 276 1051 dapes
291 988 356 1033 nou
372 987 504 1051 sapore,
519 966 576 1032 sed
593 975 703 1031 sumtu
718 967 935 1044 aestimantes,
949 966 1017 1031 illis
1032 967 1164 1032 demum

67 1072 157 1137 cibis
185 1072 455 1155 acquiescebant,
484 1091 571 1155 qnos
596 1076 766 1135 extremus
793 1070 923 1149 Oriens,
951 1079 1012 1136 aut
1036 1070 1164 1154 positus

67 1181 165 1241 extra
179 1173 371 1239 Romanum
385 1175 535 1240 Colchus
549 1175 737 1258 imperium,
763 1180 822 1239 aut
837 1173 968 1238 famosa
983 1173 1163 1256 naufragiis

67 1278 175 1343 maria
199 1278 382 1357 misissent,
405 1298 488 1362 quos
512 1278 624 1342 invitae
648 1277 894 1361 quodammodo
923 1277 1164 1361 reluctantique

65 1384 194 1445 naturae
208 1380 376 1447 bominum
390 1380 520 1464 pericia
533 1381 730 1463 rapuissent.
773 1380 805 1444 3.
827 1378 876 1446 Ut
890 1384 1034 1457 taceam,
1049 1379 1165 1444 infami

67 1499 163 1566 serpe
187 1482 312 1548 dilectu
339 1485 488 1566 scriptos
517 1482 552 1547 in
578 1483 762 1565 proviaciis
787 1501 949 1564 aucupes,
979 1480 1164 1565 ductasque

68 1583 135 1649 sub
155 1585 260 1667 siguis
281 1590 476 1654 venatorum
498 1587 653 1651 cohortes
672 1587 834 1652 militasse
850 1584 1034 1650 conviviis:
1056 1603 1164 1648 nonne

67 1689 286 1774 cognovimus
309 1688 486 1772 cujusdam
505 1695 593 1755 retro
612 1689 782 1774 Principis
806 1707 873 1752 uon
897 1686 1038 1771 prandia
1056 1706 1173 1770 saepe,

67 1790 130 1857 sod
154 1790 279 1856 fercula
302 1794 492 1857 sestertium
513 1791 660 1856 millies?
686 1794 865 1868 aestimata,
887 1790 1164 1873 patrimoniorum

100 1982 112 2008 e
127 1975 301 2040 Tarpedatum
311 1977 418 2027 ordinem
426 1977 587 2042 pervertisset.

68 2041 73 2048 '
100 2034 116 2073 ⁴
130 2038 163 2090 1n
169 2040 262 2105 maulia
272 2042 541 2106 ugernraisgrandibas.

532 2167 703 2190 nomnen

101 2262 169 2317 Cur.
179 2279 236 2316 xrv.
254 2260 410 2318 isicidaliur
422 2267 503 2323 malit.
525 2284 554 2318 ac
564 2267 678 2334 fiaenter,
694 2270 782 2333 quater.
820 2268 894 2329 Mox,
909 2263 985 2317 codd.
996 2266 1125 2318 Suburana.
1136 2273 1165 2319 et

68 2331 186 2396 Guelpb.
207 2332 317 2382 oestiaam
327 2335 353 2382 in
362 2349 389 2396 g.
400 2351 422 2383 c.
432 2335 533 2396 glaciem
539 2350 551 2392 ,·
567 2344 594 2384 et
605 2335 642 2384 sic
655 2335 719 2396 legit
734 2334 849 2384 Patarol.
865 2349 898 2384 ex
915 2334 973 2383 aad.
991 2334 1050 2383 Diri
1069 2334 1163 2392 Marci,

68 2386 229 2461 eandemque
244 2398 299 2462 jam
318 2408 379 2448 ante
399 2397 464 2448 baua
480 2399 587 2463 cuspin.
607 2407 635 2450 et
659 2401 775 2450 Rbenan.
794 2403 1032 2461 expresserant-2
1048 2397 1165 2450 ‘Natant

66 2463 161 2512 deesse
173 2464 279 2512 verbum
291 2462 442 2525 judicabant,
458 2471 503 2514 aut
514 2467 575 2530 quid
587 2466 685 2515 simile:
703 2475 784 2515 reete.
816 2464 868 2514 Sed
886 2464 960 2514 deest
977 2472 1053 2528 purte
1071 2466 1164 2514 ssiteta

68 2528 117 2577 sni.
152 2527 231 2590 Lego,
246 2529 399 2579 narterarbis
414 2529 588 2595 probabuntque
601 2531 779 2595 apportant-s.
814 2529 945 2591 Scriptum
960 2531 1165 2595 antiquituspra·

66 2592 208 2657 nudatque.
239 2593 345 2643 Priores
356 2594 478 2658 syllabas,
492 2595 565 2658 praba
576 2610 626 2644 vox
643 2595 1021 2660 precedenrorbissbsorpri13
1037 2611 1052 2642 s
1064 2596 1164 2659 reliquo

65 2664 172 2721 ararique
182 2655 281 2708 iactam
294 2670 384 2720 postea
394 2659 510 2722 suraque!
521 2659 622 2710 Acidsl.
637 2661 694 2710 ‘Ad
704 2659 855 2710 roesbelora
866 2665 945 2710 sumtu
956 2661 982 2709 in
994 2663 1107 2719 maraine
1119 2664 1165 2709 tu·

68 2723 170 2773 notarit
186 2723 343 2786 Stephanus,
358 2725 439 2773 rideri
456 2725 560 2776 verbum
577 2729 666 2776 deesse
677 2725 828 2791 indicabant,
844 2734 889 2774 sut
906 2726 999 2775 simile.
1032 2726 1165 2775 Acidaliae

67 2796 156 2839 antem
168 2789 225 2838 loco
236 2789 372 2851 {resticulas
382 2805 480 2853 namque
491 2792 528 2841 ric
539 2789 703 2842 scribendum
721 2792 832 2856 censuit,
856 2789 1029 2854 probabuntque
1047 2793 1167 2855 appositas

65 2857 150 2917 dapes,
161 2868 208 2904 nan
216 2869 309 2918 sapore,
317 2857 359 2916 tre.
390 2856 491 2904 Recens
502 2857 619 2920 impressi
632 2857 690 2906 libri
702 2856 769 2906 baua
781 2857 864 2906 locam
877 2854 1049 2914 introierunt,
1064 2871 1165 2918 namara

66 2911 189 2984 appositas
201 2921 273 2980 dapes
287 2933 334 2968 narr
343 2935 434 2983 capara
442 2923 484 2970 sed
494 2928 572 2973 santia
582 2923 739 2984 estimantes,
748 2923 896 2973 iliirdsmunr
910 2921 970 2971 cibis
978 2921 1165 2984 mitescebant,

66 2999 136 3049 quas,
149 2987 189 3048 qs.
221 2985 309 3034 Bauer
327 2987 348 3034 si
366 2986 523 3048 adjuventur
541 2989 696 3038 auctoritate
713 2987 788 3036 codd.
805 2997 930 3037 ueterum.
961 2987 1013 3036 Sed
1026 2987 1164 3049 genrriuuur

67 3050 187 3110 verbum,
199 3050 266 3113 quod
278 3050 327 3100 buc
337 3066 418 3115 usque
429 3053 549 3102 amissum
564 3053 624 3112 fnit,
635 3054 792 3104 cnducatur
802 3053 941 3102 restituere
953 3053 1065 3112 ridetur,
1077 3053 1102 3100 in
1114 3066 1164 3117 qno

64 3114 125 3170 ‚hura
137 3115 240 3176 *sortpta
255 3124 325 3170 aaut,
342 3117 451 3179 Namque
467 3119 586 3181 appositas
601 3121 672 3182 &pes
687 3119 842 3168 metiebantur
857 3133 905 3166 nan
921 3132 1012 3180 sapore,
1021 3119 1063 3166 sed
1074 3123 1164 3169 sunna.

66 3179 125 3231 iilis
134 3181 226 3238 dearum
235 3181 295 3235 cibis
305 3182 489 3245 aequirrcebsnt,
499 3183 573 3246 quas,'
583 3187 623 3248 ⁸5⁶·
635 3185 764 3234 Schwars.
780 3186 822 3234 sed
832 3189 911 3232 sumtu
920 3185 1073 3232 estimantes.
1099 3183 1164 3239 lats.

66 3247 109 3308 bc.
126 3245 193 3296 Esc.
208 3247 351 3296 Sciroabcv.
374 3250 444 3310 dapes
454 3249 611 3299 metiebantur
621 3249 682 3300 Vet.
693 3249 805 3299 Pateau.
826 3248 891 3298 Vide
903 3249 978 3298 Nutt.
988 3248 1066 3299 Vrrr.
1098 3248 1165 3300 Post

65 3312 140 3372 dapes
150 3311 264 3375 Grrelpir.
276 3313 367 3361 inserit
377 3313 543 3375 metiebantur,
553 3330 610 3365 enm
622 3314 710 3364 deleat
720 3315 922 3364 aestimantes-3
934 3312 1047 3377 Guelpb.
1062 3314 1165 3364 deiertm

65 3375 238 3427 Scribendum
255 3391 311 3426 esse
327 3378 439 3427 dilectata
456 3379 545 3429 doertit
560 3381 729 3430 stewechius.
747 3380 860 3440 Gaeipb.
876 3379 1009 3442 ductasque.
1041 3378 1163 3440 Moxffl.
1242 3380 1246 3384 '

66 3438 163 3493 sanius
174 3443 244 3506 conj.
260 3457 307 3491 non
316 3444 417 3507 praedm
425 3459 495 3510 sape,
507 3447 650 3506 sedsercuia
659 3444 775 3496 sestertiis
785 3445 849 3495 rnt'ile
859 3444 979 3495 estimato
983 3460 994 3505 ,·
1013 3444 1124 3495 Puteau.
1136 3454 1165 3495 et

563 3566 670 3618 NOTAE

92 3669 114 3727 ..⁶3
130 3660 255 3725 Fluentes]
273 3662 348 3712 Luxu
359 3661 513 3712 diffluentes.
537 3664 599 3713 Vel·
635 3662 789 3714 aestimatum
801 3663 900 3719 dicitur
912 3663 1029 3727 sexagies
1045 3663 1118 3712 abs.
1136 3669 1164 3725 et
1249 3708 1251 3712 .

66 3739 146 3803 isius,
166 3739 277 3801 ‘Fluens
298 3740 415 3789 mollitiis
438 3739 599 3803 Sardanape
634 3742 754 3791 Vitellius
766 3742 855 3793 novies
864 3742 956 3791 millies
972 3742 1120 3790 sestertium
1131 3755 1162 3805 e,-

67 3812 127 3866 lns.'
160 3813 227 3863 itera
245 3814 313 3864 ‘atio
336 3829 366 3865 sc
388 3816 503 3865 mollitiis
524 3831 599 3879 poeue
635 3820 702 3884 pulis
714 3819 848 3869 absumsit.
865 3819 951 3868 Tacit.
962 3817 1031 3873 Hist.
1044 3830 1076 3873 11.
1095 3817 1162 3877 Qum

67 3889 279 3954 ultrsireminem
289 3888 391 3952 tineus.'
423 3892 598 3943 Quintilianus
634 3897 762 3960 posterior
774 3911 872 3947 summa
882 3895 962 3956 libras
974 3893 1089 3944 Gallicas
1103 3908 1163 3953 com

66 3982 163 4034 pueros
180 3967 269 4017 molles
280 3983 310 4017 sc
321 3967 454 4034 delicatus,
471 3971 598 4035 ‘solantes'
631 3972 688 4023 ficit
698 3977 857 4036 ³9,‘si⁷5‚⁰⁰⁰·
1152 4028 1154 4032 ,

68 4045 135 4094 dicit
151 4043 200 4093 ‘sc
214 4041 342 4109 flatantes!
374 4045 455 4100 Plass
472 4047 597 4110 intempe-
664 4058 678 4094 t>
694 4051 836 4109 Sestertium
845 4045 942 4110 millies]
950 4046 1030 4110 Hunc
1039 4049 1161 4109 inlocum

68 4121 163 4182 seutiae
181 4118 370 4184 exemplavida
384 4122 456 4184 apud
473 4123 598 4187 Capitoli.-
633 4127 738 4191 irrepsit
760 4123 923 4176 manufestum
951 4125 1080 4191 urendum,
1102 4141 1162 4179 cum

68 4212 132 4250 uum
147 4197 176 4262 iu
194 4196 261 4264 AEiip
272 4197 434 4264 V⁸i⁰r⁰¹liil⁸
452 4201 598 4267 conuiuium
634 4219 667 4256 su
685 4202 807 4270 Horatia,
822 4200 1164 4267 Juseunie„l,'linio„eetu,·
