2730 4726
128 281 215 350 1208
402 294 625 345 usurarum
649 292 944 358 cunarnnracrrs

126 451 162 513 et
177 443 288 523 [ster,‘¹
303 447 337 508 et
351 441 466 522 Nilus,
479 449 515 509 et
528 463 605 509 cum
619 441 749 527 gemino
762 440 873 524 Tigris
885 439 1079 525 Euphrate,r
1093 442 1128 503 et
1138 442 1221 504 uter·

126 567 204 632 que,
220 565 288 630 qua
301 547 403 611 solem
420 546 563 630 accipit·
576 552 611 610 et
625 545 745 622 reddit,
762 542 933 622 Oceanus,
944 550 980 607 at
995 540 1159 627 quicquid
1173 544 1223 606 est

125 651 210 715 inter
224 650 290 715 ista
304 655 474 725 terrarum,
490 657 526 712 et
539 647 726 725 fluminum,
737 651 771 712 et
784 646 943 723 littorum,
957 650 1026 710 tam
1041 643 1136 708 facili
1147 648 1224 710 sunt

128 753 379 836 aequanimitate
394 751 593 828 communia,
607 756 767 835 quantum
782 750 848 815 sibi
862 747 1025 832 gaudent‘
1045 766 1120 812 esse
1135 765 1224 812 com-

127 874 260 920 munem
274 855 366 920 oculi
381 852 482 919 diem.
525 855 558 920 7.
581 852 636 918 Ita
650 852 806 938 duplices
821 852 919 917 vobis
934 852 1056 917 divinae
1065 850 1225 932 potentiae

127 955 259 1022 fructus
273 958 384 1040 pietas
400 962 511 1022 vestra
524 956 674 1040 largitur,
688 961 723 1023 et
736 974 798 1020 suo
814 960 950 1042 uterque
962 953 1092 1031 fruitur,
1103 960 1138 1016 et
1149 970 1226 1016 con·

130 1061 231 1125 sortis
246 1059 394 1142 imperio.

172 1161 263 1226 One.
286 1179 355 1226 vn.
384 1163 417 1226 1.
440 1161 572 1228 Laurea
590 1162 663 1241 illa,
685 1160 827 1228 devictis
843 1160 1072 1226 accolentibus
1094 1157 1229 1242 Syriam

590 1327 773 1350 omo

130 1418 247 1473 Patarol.
258 1422 368 1484 denique
376 1424 624 1474 atterumschwara.
633 1434 659 1475 et
668 1425 764 1490 Joeger.
780 1425 848 1476 tuda
858 1424 1068 1476 moraviae—c
1080 1424 1231 1474 Brevem.

131 1488 253 1553 ignorant
270 1493 294 1538 et
314 1489 394 1538 Nilus.
426 1489 500 1545 ‘Oea
511 1490 603 1554 Solem]
621 1490 674 1541 Hie
692 1492 764 1542 locus
773 1491 818 1541 diu
835 1491 926 1541 cubuit
944 1492 970 1539 in
988 1490 1094 1550 morbo,
1113 1503 1231 1552 compre

132 1555 232 1604 duabus
254 1553 368 1611 vocibus,
384 1569 429 1618 qua
449 1557 530 1616 solem,
548 1556 643 1622 ubique
661 1558 796 1621 legeretur
813 1559 915 1621 qualem.
954 1556 1003 1606 Cui
1021 1556 1084 1606 vitio
1102 1556 1232 1605 medelam

131 1618 226 1670 afferre
240 1619 370 1668 Livineius
389 1627 430 1668 est
441 1629 557 1676 conatus,
569 1621 615 1670 sed
628 1622 674 1678 ita,
687 1632 716 1672 ut
727 1623 801 1671 nimir
821 1623 946 1672 audacter
964 1622 1048 1683 plures
1059 1621 1135 1670 simul
1151 1633 1231 1670 voces

130 1686 248 1734 mutarit.
283 1683 389 1734 Etiiuxit
409 1685 476 1733 euim
493 1685 564 1749 inde,
578 1701 647 1749 quara
660 1689 708 1737 late
724 1689 787 1737 cedr't
805 1693 828 1737 et
842 1688 906 1738 redit
921 1688 1036 1747 Oceanus,
1055 1687 1072 1736 i.
1089 1700 1113 1734 e.
1129 1691 1234 1747 aestuat,

132 1752 335 1814 παραφραστικαῖς.
368 1749 481 1814 Propius
501 1766 553 1801 rem
567 1766 614 1800 acu
627 1753 715 1815 tetigit
726 1752 866 1808 Gruterus,
879 1753 922 1814 qui
933 1753 988 1801 sola
1002 1765 1063 1801 voce
1074 1753 1165 1814 qualem
1176 1765 1233 1800 rnr-

132 1832 175 1865 sus
195 1818 221 1864 in
233 1816 297 1864 duas
308 1815 423 1875 diducta,
439 1818 561 1880 procudit
572 1831 618 1880 qua
629 1817 702 1867 lucem
713 1833 723 1876 ,⁰
737 1819 854 1884 quamvis
866 1820 931 1867 banc
948 1817 1155 1866 emendationem
1167 1830 1235 1864 non·

134 1882 195 1931 dum
208 1883 337 1941 receperit
347 1881 373 1928 in
382 1888 550 1944 contestum3
568 1884 669 1946 recepit
678 1882 743 1932 adeo
755 1885 851 1946 primns
862 1884 1000 1943 Cellarius,
1012 1889 1039 1931 et
1049 1883 1118 1932 huuc
1129 1889 1236 1931 secutus

134 1956 175 1996 est
186 1946 304 1995 Patarol.
335 1947 379 1996 Sic
398 1947 530 1998 truculente
546 1947 604 1996 hinc
616 1947 853 1999 eraditeententia.
886 1949 969 1998 Nobis
981 1957 1068 1997 tamen
1087 1948 1166 1995 risum
1185 1954 1237 2008 eat,

127 2011 225 2063 ‘eadem
237 2021 357 2062 manente
378 2015 515 2069 sententia,
534 2013 692 2076 probabilius
712 2029 746 2063 ex
764 2015 863 2065 calamo
874 2014 1023 2064 Mamertini
1041 2011 1148 2062 duxisse
1162 2013 1237 2061 saleru

135 2093 212 2143 quam
223 2079 314 2127 lucem:
331 2093 388 2127 cunr
401 2079 479 2141 priori
489 2079 588 2145 syllaba
599 2081 670 2129 vocis
682 2081 764 2142 solem,
775 2078 843 2129 forte
855 2079 881 2127 iu
894 2080 1002 2128 vetustis
1017 2078 1169 2127 membranis
1189 2077 1237 2126 ob·

135 2145 363 2202 toletanensem
380 2146 483 2205 agnosci
500 2145 615 2207 potuerit
627 2159 643 2192 a
656 2144 780 2205 librario;
797 2153 843 2194 aut
855 2159 912 2194 cum
928 2159 961 2193 ex
981 2158 1044 2194 voce
1063 2143 1146 2192 divisa
1163 2144 1238 2203 prior

136 2209 247 2272 syllaba,
263 2207 334 2261 scrin
352 2208 403 2257 tine
421 2223 507 2257 versus
525 2209 704 2259 antecedentis
723 2210 825 2268 relicta,
841 2209 874 2258 ab
892 2209 983 2258 eodem
998 2209 1079 2258 oculis
1098 2210 1238 2271 preterita

135 2273 214 2322 fuerit
226 2288 234 2334 ;
251 2271 319 2320 unde
331 2287 363 2320 ex
377 2288 422 2334 qua
434 2280 461 2321 et
473 2275 527 2335 lem,
536 2281 624 2322 natum
636 2281 676 2323 est
685 2273 757 2329 illud,
767 2273 1008 2338 qualem'scbesrz.
1040 2276 1200 2324 constanter
1210 2273 1239 2322 iu

135 2339 228 2403 qualem
240 2338 404 2386 consentiunt
413 2338 489 2387 codd.
510 2339 626 2387 Verbum
637 2337 724 2401 accipit
736 2347 777 2388 est
789 2354 821 2389 ex
833 2338 1132 2388 codd.ett’uteol.1are.
1144 2344 1239 2403 postea

137 2407 164 2452 iu
175 2403 262 2464 accepit
276 2408 411 2464 mutatum,
422 2402 505 2452 donec
514 2411 628 2452 veterem
640 2403 773 2454 revocarit
784 2406 919 2454 lectionem
932 2404 1065 2454 cellarius.
1082 2404 1141 2453 Vet.
1150 2404 1240 2453 Lirin.

137 2475 161 2518 et
174 2467 288 2515 reddidit.
320 2468 479 2516 Schwarzius
495 2475 522 2517 et
532 2468 630 2530 Jager.
649 2469 792 2518 omiserunt
810 2475 834 2519 et
844 2469 983 2533 staminum·
1017 2468 1071 2518 Pro
1083 2475 1107 2518 et
1118 2469 1239 2525 littoreas,

138 2534 250 2596 Guelplr.
268 2539 294 2582 et
306 2533 369 2581 Exc.
383 2532 459 2581 Voss.
470 2533 565 2581 babent
577 2540 601 2583 et
613 2538 735 2584 tectorum.
768 2535 897 2598 Denique,
908 2549 978 2596 quam
995 2534 1041 2582 sibi
1054 2535 1162 2595 gaudent
1173 2534 1240 2583 Vet.

138 2599 249 2648 Puteum
262 2606 289 2648 ct
298 2597 534 2657 codexScbwarzii,
544 2607 571 2646 ut
580 2599 647 2661 conj.
658 2599 745 2647 Lirin.
760 2598 826 2649 Voc.
835 2599 976 2648 crutideest
984 2599 1081 2648 inExc.
1090 2597 1241 2649 Schonbae.

142 2673 170 2714 et
182 2666 224 2713 ed.
236 2663 391 2726 cuspin—7
404 2663 546 2725 Guelpb.et
556 2678 597 2712 suo
609 2668 706 2726 uterque
715 2665 815 2729 fluitur.

171 2730 240 2778 Cae.
249 2742 300 2779 vrr.
336 2732 349 2777 1
362 2725 370 2754 ‘
381 2729 551 2789 Participium
562 2728 726 2784 caecantibus,
742 2730 767 2777 iu
779 2729 843 2778 duas
854 2743 930 2778 voces
942 2728 1106 2778 accolentibus
1118 2727 1241 2790 divisum,

139 2808 275 2860 perperam
298 2795 452 2858 evulgarunt
468 2795 584 2844 Rheuau.
604 2795 690 2844 Duae.
708 2801 736 2844 et
752 2793 787 2844 H.
804 2794 894 2858 Stepb.
918 2795 1025 2844 Rectius
1043 2793 1070 2844 id
1089 2794 1242 2859 exprimunt

637 2941 746 2994 NOTAE

173 3047 186 3080 t
198 3038 273 3101 later]
286 3040 400 3101 Propter
408 3039 489 3100 Alpes
498 3040 580 3089 oritur
589 3055 597 3100 ;
607 3045 635 3090 et
646 3040 672 3090 iu
712 3041 840 3098 dividens,
851 3041 877 3090 in
890 3039 1012 3091 Armenia
1024 3039 1119 3103 majore
1131 3045 1215 3088 ortus.

141 3114 289 3169 Germania,
298 3114 392 3173 Retia,
400 3121 427 3164 et
438 3115 574 3164 Pannonia
587 3115 673 3164 Danu·
744 3125 754 3151 ¹
772 3119 882 3181 Uterque,
890 3132 935 3180 quc
942 3115 1133 3179 neumarum]
1142 3116 1244 3181 accipit]

140 3191 197 3240 liius
215 3190 379 3253 appellatur;
399 3189 443 3238 ubi
463 3203 525 3238 vero
540 3190 673 3254 Illyricum
713 3193 786 3243 Inest
797 3192 863 3242 baud
875 3192 953 3242 dubie
965 3192 991 3240 iu
1003 3192 1040 3239 luis
1050 3191 1136 3240 verbis
1145 3188 1245 3256 aliquid

143 3268 240 3328 attigit,
252 3265 322 3315 Ister
333 3266 437 3316 dicitur·
713 3271 778 3320 vuit.
805 3271 889 3322 Quem
901 3271 984 3318 laeum
997 3269 1033 3317 ita
1046 3268 1161 3317 restituit
1174 3267 1246 3318 Livi·

175 3342 264 3392 ‘Cum
293 3342 390 3405 gemine
424 3343 508 3406 Tigris
537 3343 672 3408 Euphrate]
712 3347 803 3398 neius:
825 3344 1247 3411 Uterqueqrramlatecedr't,etredit

144 3417 231 3471 Ouid?
248 3433 280 3468 en
297 3419 412 3481 geminus
429 3421 591 3483 Euphrates?
610 3420 673 3470 Om·
716 3425 833 3474 Oceanus·
867 3424 924 3487 Ego
936 3421 1064 3472 lubentius
1076 3435 1134 3470 cum
1147 3421 1246 3471 Grute-

143 3496 214 3559 niuo,
226 3496 285 3560 qnia
297 3497 400 3559 gemino
411 3513 445 3547 ex
456 3496 673 3562 fluriocoalescit,
714 3516 743 3550 ro
761 3500 878 3563 legerim,
901 3503 998 3562 aterque
1016 3513 1062 3561 gara
1086 3498 1160 3547 lucem
1181 3499 1247 3548 rect·

144 3587 253 3638 quorum
272 3574 339 3623 alter
357 3575 496 3631 Pixirates,
514 3577 582 3625 alter
595 3574 673 3624 Arsa·
710 3579 758 3641 pit,
766 3581 789 3626 et
801 3576 880 3624 reddit
894 3577 1013 3634 Oceanus,
1024 3574 1049 3622 id
1060 3582 1109 3633 est,
1121 3574 1246 3624 Oceanus

145 3650 216 3712 nias3
232 3651 274 3715 qui
293 3651 343 3699 duo
360 3649 429 3700 duvii
446 3653 514 3702 circa
527 3653 674 3716 Sophonem
716 3652 906 3714 Occidentalis,
918 3652 943 3701 in
955 3665 1031 3716 quern
1043 3650 1081 3699 sol
1092 3652 1248 3713 immergere

145 3731 205 3785 orti,
224 3737 360 3793 postquam
376 3729 454 3779 'l'auri
474 3732 568 3780 montis
583 3745 675 3794 angus·
715 3747 752 3793 se,
768 3740 795 3779 et
807 3729 960 3791 orientalis,
975 3727 1045 3778 unde
1062 3726 1129 3776 idern
1141 3726 1248 3778 videtur

146 3809 195 3858 tias
208 3806 402 3872 perfregerunt,
414 3823 464 3856 uno
481 3818 508 3858 et
520 3808 611 3858 eodem
630 3823 676 3857 no·
717 3823 860 3872 emergere,
878 3805 949 3854 vobis
965 3812 1059 3869 parent
1075 3809 1102 3852 et
1112 3803 1249 3867 obtempe-

145 3883 507 3947 mineuuphratesdicunurr.
524 3885 676 3949 Quanquam
717 3889 785 3935 rant.

147 3962 278 4012 Pixlrates
300 3963 375 4026 uulgo
391 3963 432 4011 vel
455 3961 479 4010 iu
502 3963 583 4026 primo
605 3963 678 4011 fonte
749 3959 897 4015 ‘Quantum
918 3953 1101 4017 albegundem]
1122 3955 1248 4007 Fortasse

148 4038 292 4102 Euphrates
305 4040 411 4090 dicitur.
438 4040 505 4088 Vide
518 4040 585 4090 Ptin.
597 4055 626 4090 v.
637 4044 679 4089 24.
718 4050 798 4102 quum,
816 4034 899 4099 inquit
916 4032 1056 4093 Livineius,
1073 4038 1101 4081 ut
1118 4029 1250 4086 referatur

147 4115 230 4178 Tigris
242 4130 302 4165 rero
312 4115 405 4167 fluvius
417 4127 459 4168 est
477 4117 547 4169 Aria
559 4119 678 4177 celebris,
721 4112 753 4164 ad
766 4111 837 4178 prius
849 4116 906 4160 taur·

150 4183 366 4258 Mesopotamiam
375 4195 409 4246 ab
419 4195 526 4260 Assyria
535 4203 563 4246 et
572 4196 680 4246 Susiana
