2730 4726
450 336 731 386 renueremus.
769 319 918 386 aarum.
1005 366 1011 407 ξ
1146 320 1233 388 loss
1297 399 1299 402 Α

128 481 325 570 tensisquek
338 483 502 561 subvecti,
511 486 544 546 et
552 482 750 545 densissima
761 483 888 546 circum
902 476 1069 566 supraque
1078 484 1234 567 cooperti

127 590 276 655 virorum
292 606 522 670 armorumque
536 583 717 664 testudine,
732 585 857 648 sensim
880 593 982 669 atque
1001 586 1045 649 ad
1061 574 1234 652 numerum

128 693 372 757 movebantur:
397 696 469 755 tum
493 689 592 770 longe
618 689 766 771 populus
792 689 998 769 abigebatur,
1025 709 1086 753 nee
1111 691 1234 756 odiosa

129 789 290 860 viatoris¹
304 813 426 858 manns
441 793 574 876 plebem
586 792 721 857 verbere
736 794 990 872 summovebat3
1013 801 1053 856 ut
1067 803 1234 860 secretum

130 904 222 962 esset
236 897 271 961 in
284 897 459 981 publico.m
502 897 534 960 5.
557 895 607 960 At
630 899 744 959 noster
765 895 821 959 hie
846 895 1004 958 omnihus
1029 897 1234 978 spectandus

131 1000 280 1077 offertur,
304 1020 368 1064 nec
392 998 499 1082 magis
522 986 733 1064 communem
755 999 843 1062 hunc
866 997 954 1061 diem
984 1003 1087 1082 atque
1116 1000 1235 1075 solem,

129 1121 233 1186 quam
249 1109 396 1168 nostrum
417 1103 658 1186 Imperatorem
680 1100 784 1165 videri
806 1101 896 1166 licet.
942 1100 1046 1180 Quin,
1061 1122 1139 1166 cnm
1154 1104 1236 1167 vici-

130 1225 214 1270 num
238 1206 384 1272 habeant
406 1207 572 1289 permissa
594 1203 776 1283 fastidium,
802 1223 968 1288 nunquam
993 1206 1060 1270 iste
1081 1208 1236 1271 mirantes

131 1310 248 1392 explet
263 1311 401 1375 oculos:
424 1310 533 1392 magis
549 1310 723 1393 magisque
736 1308 832 1372 visus
852 1310 1038 1391 expetitur,
1053 1314 1098 1388 et,
1113 1328 1236 1376 novum

134 1413 245 1492 dictu,
261 1432 409 1497 praesens
424 1403 649 1477 desideratur.

177 1516 269 1582 Coe.
286 1533 391 1582 xxm.
436 1519 467 1582 1.
484 1515 645 1580 Miremur
659 1515 694 1578 in
710 1513 851 1579 urbibus
866 1513 946 1593 tuis,
962 1521 996 1579 et
1011 1534 1032 1579 a
1047 1517 1113 1580 tuis
1126 1534 1236 1601 popu·
1336 1562 1340 1578 .

131 1622 176 1685 lis
193 1629 226 1685 te
242 1621 358 1697 videri,
373 1639 473 1703 quem
487 1619 556 1682 sere
578 1618 673 1681 nulla
688 1618 721 1680 in
736 1617 810 1681 solo
826 1637 890 1682 suo
905 1619 999 1683 natio
1015 1627 1155 1685 externa
1168 1639 1238 1686 non
1314 1682 1322 1703 ,¹
1350 1665 1364 1699 3

133 1725 239 1789 vidit:
264 1723 367 1807 idque
387 1723 436 1786 ita
461 1722 594 1798 crebro,
617 1727 653 1783 nt
677 1740 772 1802 paene
796 1725 865 1784 tam
888 1730 985 1784 notus
1012 1724 1056 1787 sit
1081 1725 1238 1788 barbaris
1314 1760 1320 1785 -,

107 1884 109 1888 ⁴
133 1828 249 1892 vultus
262 1827 337 1901 iste,
354 1843 455 1908 quam
472 1824 592 1888 nobis:
615 1842 679 1886 nec
700 1822 832 1899 frustra,
858 1843 934 1888 cum
958 1829 1099 1889 aestates
1121 1846 1238 1892 omnes
1336 1833 1339 1837 '

133 1930 230 2003 loris,
273 1929 412 2012 hyemes
441 1925 534 1991 domi
573 1924 711 2000 ducens,
740 1926 874 1990 civibus
903 1927 1125 2013 hostibusque
1163 1927 1240 2012 pari
1280 1938 1301 1990 ’,

135 2039 226 2097 sorte
241 2032 319 2095 anni
335 2032 449 2114 spatia
464 2029 621 2093 diviseris
631 2046 640 2089 s
652 2032 687 2091 et
700 2029 797 2112 siqui
812 2029 899 2107 forte
915 2036 996 2093 sunt
1008 2015 1265 2117 barbarorum}

135 2137 196 2219 qui
210 2133 357 2197 nondum
365 2133 502 2197 virtutis
518 2138 585 2195 tuae
599 2130 723 2194 fulmen
736 2131 945 2214 exceperint,
953 2134 1102 2198 nominis
1112 2121 1252 2222 terrore*

135 2236 287 2322 perculsi
303 2244 336 2300 et
355 2231 450 2299 velut
465 2234 570 2298 afflati
585 2234 774 2318 quieseant·
816 2233 849 2296 2.
870 2233 948 2300 Tua
962 2237 1061 2316 enim,
1086 2227 1238 2321 Impera·

136 2349 202 2417 tor,
233 2338 410 2422 auspiciale
441 2356 510 2400 non
533 2337 586 2400 hae
610 2342 740 2401 tantum
766 2342 879 2419 gentes
904 2343 1060 2418 tremunt,
1084 2360 1172 2424 quas
1195 2343 1238 2406 ah

137 2445 221 2508 orbe
238 2449 354 2505 nostro
370 2441 540 2525 sylvarum
555 2439 745 2515 intervalla,
760 2439 815 2504 vel
829 2439 968 2504 flumina
982 2447 1154 2509 montesve
1169 2443 1240 2510 dis-

136 2549 305 2628 tinguunt,
322 2544 384 2609 sed
400 2562 485 2628 quas
504 2543 640 2607 aeternis
663 2541 839 2605 ardoribus
864 2543 1071 2628 inaccessas,
1087 2554 1145 2611 aut
1160 2568 1240 2612 eon-

135 2651 238 2716 tinna
249 2649 365 2732 hyeme
381 2652 569 2730 separatae,
592 2653 652 2710 aut
673 2644 842 2710 interfusis
858 2648 1048 2729 aequoribus
1063 2648 1241 2733 abjunctas

136 2759 260 2818 natura
276 2751 502 2815 disterminat:
518 2767 586 2811 non
604 2745 744 2835 Oceano
760 2747 878 2827 Indus,
894 2768 960 2811 non
976 2749 1092 2832 frigore
1108 2752 1240 2836 Bospo-

136 2862 269 2934 ranus,¹¹
291 2873 358 2918 non
381 2853 493 2918 Arabs
514 2851 625 2916 medio
642 2850 738 2914 sole⁰
768 2871 909 2917 securus
932 2861 1005 2933 est;
1028 2860 1063 2918 et
1089 2874 1157 2938 quo
1180 2856 1240 2930 vix

172 3039 186 3074 ¹¹
203 3025 335 3090 Fortunam
345 3045 419 3090 tuom.

139 3217 238 3270 seheff.
254 3221 315 3282 quod
329 3222 409 3282 loquor
420 3217 583 3280 Guelph.-4
601 3216 670 3266 Edd.
688 3223 754 3266 vett.
771 3232 813 3266 aee
829 3217 921 3276 otioso;
937 3218 1052 3279 Guelph.
1069 3220 1244 3274 nerodianu—

139 3292 156 3336 5
175 3286 225 3334 Ed·
241 3299 282 3332 an.
301 3288 372 3333 1476.
390 3283 509 3332 Rhenan.
527 3292 554 3332 et
573 3284 605 3334 ai.
627 3290 693 3331 vett.
707 3285 848 3346 spectandus
861 3284 983 3348 offertum
999 3284 1102 3334 Acidsl.
1121 3288 1189 3350 conj.
1205 3302 1243 3350 sp.

138 3351 252 3416 offertur.
284 3350 359 3414 Mox,
370 3349 483 3413 Guelph.
495 3356 522 3398 et
533 3349 594 3398 Vet.
607 3349 720 3398 Putean.
735 3348 822 3397 mirum
832 3348 907 3398 dictu.

175 3417 245 3464 Cur.
257 3427 327 3465 xxii.
362 3416 455 3465 lVet.
476 3414 587 3464 Putean.
608 3415 711 3462 nominis
730 3415 767 3462 tui
785 3418 884 3463 terrore.
919 3412 984 3462 Cod.
1005 3414 1101 3464 Scheff.
1123 3416 1244 3478 percussi,·

141 3481 254 3546 Guelph.
267 3480 374 3544 percussi
384 3486 408 3530 et
417 3497 441 3531 o.
452 3480 603 3546 adflicti-2
619 3480 687 3529 Edu.
697 3487 761 3528 vett.
776 3479 908 3543 equoribus
916 3479 1054 3543 dianetum
1065 3481 1164 3530 Acidal.
1176 3481 1244 3543 conj.

638 3610 747 3662 NOTAE

175 3711 188 3745 k
208 3709 346 3775 Tensisque]
372 3710 501 3766 ‘Tensaf
520 3725 565 3758 seu
583 3715 613 3758 nt
633 3710 676 3780 alii
712 3717 814 3759 secreto
825 3723 883 3758 esse
895 3709 1053 3759 viderentur.

141 3789 286 3851 scribunt,‘
297 3784 676 3850 thensae,'ersntsacricurrrrs,
744 3786 871 3848 ¹¹Frigore
884 3786 1045 3851 Bosporanus]
1061 3785 1244 3848 PopulusSar·

142 3865 239 3931 quihus
253 3866 280 3913 in
300 3865 369 3914 ludis
387 3863 544 3914 circensibus
562 3864 675 3911 Deorum
711 3863 798 3911 matiae
822 3863 957 3924 Europreae
980 3877 1070 3910 versus
1099 3863 1244 3925 Bosporum

143 3944 283 3994 simulacra
294 3941 463 3992 vehebantur.
712 3939 887 3995 Cimmerium,
898 3940 941 3988 ubi
960 3953 1027 3988 nrrnc
1045 3934 1102 4002 pars
1118 3939 1244 3989 Tartariae

177 4017 316 4082 ¹Viotoris]
333 4019 374 4067 De
390 4019 428 4066 his
447 4016 545 4065 dictum
564 4021 605 4064 est
622 4015 678 4064 Pii:
712 4018 897 4081 Precopensis.
932 4017 974 4066 De
986 4017 1060 4081 hujus
1076 4018 1188 4081 regionis
1199 4015 1246 4066 fri-

143 4097 182 4147 nii
194 4095 330 4160 Paneg.c.
343 4108 442 4146 nxxvr.
454 4101 509 4144 not.
519 4091 541 4142 ¹¹.
713 4096 816 4159 guribus
835 4110 893 4145 curn
910 4096 1050 4157 geographi
1069 4109 1167 4156 omues,
1190 4086 1242 4145 tum

178 4179 197 4205 ¹¹¹
208 4172 281 4221 Esset
291 4173 319 4234 in
327 4171 433 4234 publico]
450 4170 543 4233 Irlest,
555 4176 585 4220 ut
600 4170 677 4220 etiam
713 4171 830 4235 inprimis
849 4171 930 4220 multu
946 4171 1025 4221 habet
1046 4169 1126 4221 Ovid.
1144 4171 1190 4220 lib.
1210 4168 1247 4221 ex'

144 4256 203 4300 tum
214 4264 273 4298 cunr
285 4249 311 4296 in
330 4249 437 4311 publico
456 4247 634 4312 versabantur,
651 4249 677 4296 in
713 4248 810 4300 Ponto.

211 4331 333 4397 Deiph.et
346 4331 405 4379 Vor.
415 4331 480 4381 Cius.
626 4331 717 4392 Puaeg.
733 4331 787 4381 Vet.
972 4299 974 4302 Ι
992 4324 998 4333 ’
1118 4334 1132 4377 ὅ
1151 4327 1178 4377 Η
