2730 4726
179 311 272 381 1162
625 326 849 377 usurarius

183 472 393 558 pestifere,⁴¹¹
415 472 463 538 ire
480 490 600 558 passus
617 493 656 538 es
671 473 704 538 in
718 472 918 557 profundam
938 471 1074 551 samem,
1091 479 1183 541 etex
1199 477 1291 544 tarne

185 576 220 642 in
245 575 485 658 pestilentiam,
510 595 589 640 mox
618 575 662 639 ad
691 574 853 658 triumphi
879 584 1098 641 ornamenta⁰
1120 580 1291 662 capienda

183 677 328 742 militum
343 679 497 743 manibus
509 697 650 758 usurus;
673 675 867 741 Chaibouas
882 683 995 742 tamen
1013 679 1202 763 Erulosque
1217 698 1290 753 non

133 837 136 845 f
186 778 342 862 (lignatus
357 781 427 863 pari
446 787 520 844 astu
537 779 695 863 perdere:
716 787 830 862 atque,
844 786 882 844 ut
895 780 1025 844 interim
1050 782 1165 847 divina
1179 784 1289 849 virtus

185 887 246 946 tua
259 884 507 947 exercitatione
531 882 632 946 solita
656 902 724 946 non
746 890 887 958 careret,
909 889 1026 965 aperto
1050 883 1162 948 Marte
1186 892 1290 969 atque

184 1003 253 1050 nno
277 985 404 1070 impetn
426 985 609 1069 perculisti,
632 1004 697 1048 uon
719 984 879 1048 universo
894 969 946 1047 'ad
971 984 1006 1048 id
1032 986 1183 1068 praelium
1204 1007 1289 1054 usus

185 1088 349 1161 exercitu,
373 1087 432 1150 scd
454 1087 573 1171 paucis
595 1087 824 1151 cohortibus·
845 1087 879 1150 3.
903 1085 994 1165 Quid
1010 1089 1096 1151 cuim
1113 1107 1201 1172 opus
1216 1096 1290 1156 erut

185 1191 410 1271 multitudine,
434 1213 509 1257 cum
523 1194 598 1275 ipse
611 1211 790 1277 pugnares,
815 1191 891 1276 ipse
915 1195 1072 1257 omnibus
1095 1193 1289 1258 locistota·

184 1315 251 1378 qne
266 1297 341 1360 acie
357 1295 562 1360 dimicarent
586 1297 662 1379 ipse
684 1297 798 1361 hostip
821 1295 981 1379 undique,
1005 1303 1038 1360 et
1062 1315 1130 1378 qua
1152 1297 1289 1360 resiste·

185 1403 248 1475 ret,
263 1406 380 1482 etqua
396 1397 584 1475 accederet,
597 1403 632 1463 et
646 1418 714 1481 qun
729 1399 878 1479 sugeretq
895 1418 1067 1475 oceanum,
1083 1417 1289 1477 occurreres,

185 1517 400 1583 erroremque
415 1499 617 1565 adversariis
634 1499 761 1582 pariter
776 1520 816 1565 ac
830 1502 898 1565 tuis
913 1501 1067 1565 faceres?
1090 1520 1165 1564 curn
1181 1519 1290 1584 neque

185 1607 220 1669 te
236 1603 368 1668 barbari
379 1623 479 1668 unum
494 1609 658 1687 putarent,
674 1623 784 1688 neque
795 1604 927 1682 milites,
939 1624 1004 1669 nou
1017 1604 1094 1668 dico
1107 1604 1291 1687 stipatione

220 1795 233 1820 ⁸
251 1787 343 1844 Quibus
350 1788 482 1852 perniciem
492 1794 544 1838 erat
557 1784 746 1844 suu'multitudu.

183 2032 322 2102 perduelles,
336 2033 419 2096 pullus
434 2032 531 2096 parebat
541 2033 594 2098 ipsu
604 2034 728 2085 multitudo
744 2033 867 2099 pestifera.
892 2032 968 2086 Qund
982 2032 1088 2083 verbum
1100 2033 1180 2083 etiarn
1192 2033 1292 2086 Putea·

186 2111 235 2147 uris
249 2099 273 2148 in
287 2099 605 2163 reterecodicereper113
622 2100 683 2149 item
705 2107 733 2156 et
752 2101 778 2150 in
795 2110 907 2164 utroque
924 2101 989 2152 libro
1006 2099 1126 2148 Gudiano
1139 2109 1291 2151 annotatum

187 2170 237 2213 ert.
270 2164 402 2213 Livineius
420 2173 509 2213 eontra
527 2165 552 2212 iu
571 2163 661 2214 codice
677 2165 837 2215 Bertiniensi
855 2163 991 2214 invenerat
1007 2164 1132 2228 scriptum
1148 2164 1290 2227 pestiferum

90 2243 93 2248 ·
187 2227 255 2278 nude
267 2229 391 2290 conjecit,
402 2229 528 2277 coaluisse
540 2229 576 2276 ibi
587 2230 652 2278 duas
665 2244 752 2288 voces,
766 2229 880 2293 pestifera
890 2236 941 2278 erut
947 2245 958 2288 ,·
975 2229 1092 2293 adeoque
1104 2226 1172 2278 forte
1185 2229 1290 2279 eusdem

187 2306 255 2349 nrrpc
267 2292 439 2356 sejrrngendas
459 2291 532 2342 esre!
549 2293 669 2343 Srlrmurz.
703 2295 786 2358 quibua
799 2294 898 2357 peretot
917 2297 969 2356 ipsc
986 2295 1083 2358 primns
1097 2295 1212 2343 restitnit
1224 2293 1292 2345 Aru·

186 2359 295 2410 tuenius.
312 2373 367 2408 mox
378 2358 501 2421 triumplu,
515 2359 609 2406 omissa
627 2359 808 2422 propositione
821 2361 861 2418 ud,
874 2358 977 2407 Puteol.
992 2360 1077 2408 Ririn.
1096 2358 1204 2421 Cuspio.
1221 2359 1292 2409 ere·

163 2436 166 2441 ·
186 2437 248 2471 nun.
261 2422 343 2473 Lirin.
360 2429 470 2486 uterque
489 2424 579 2487 Steplr.
597 2423 682 2473 Bauu.
694 2432 722 2472 et
734 2423 819 2475 Paris.
836 2426 931 2474 moxod
943 2431 977 2472 tr.
995 2424 1071 2473 codd.
1092 2425 1221 2473 Sclrwara.
1239 2425 1291 2472 dno

187 2487 259 2538 uun.
278 2495 306 2537 et
318 2486 380 2539 edd.
400 2495 512 2537 recentt.
530 2488 634 2538 meruli
646 2495 677 2538 tr.
695 2490 760 2540 Erro.
771 2489 874 2549 Laupii.
902 2489 1034 2539 curritores
1048 2488 1109 2539 edd·
1127 2495 1187 2537 ante
1205 2489 1293 2542 Lirin.

189 2552 324 2603 Cluibouru
335 2551 448 2614 Onelplr.
463 2553 527 2602 Erre.
538 2553 615 2602 Voss.
628 2554 691 2602 Ver.
702 2555 809 2616 cuspin.
823 2554 1035 2603 Rtrenen.Ririn.
1046 2559 1071 2603 1.
1103 2553 1170 2602 Vide
1181 2553 1213 2602 ad
1227 2569 1254 2604 ιι.
1268 2559 1292 2604 1.

188 2617 254 2668 Exc.
265 2618 341 2668 Voss.
354 2617 424 2668 (lud.
434 2622 459 2667 2.
472 2624 499 2667 et
511 2617 568 2666 cod.
587 2618 719 2669 Schwarn.
733 2620 787 2683 pori
804 2624 864 2667 oertu
878 2620 977 2680 perdere
983 2635 994 2678 ,·
1011 2621 1070 2668 olim
1085 2619 1232 2680 legebatur,
1250 2635 1293 2682 pu·

187 2683 249 2732 riter
262 2685 379 2746 prodere,·
396 2682 501 2746 deinde,
511 2682 602 2744 puriter
616 2685 725 2746 perdere.
752 2683 823 2733 Gud.
835 2686 859 2731 1.
876 2685 940 2733 Exc.
954 2685 1100 2732 Scironlror.
1114 2685 1293 2746 Cuspin.Vet.

187 2747 299 2801 Pnteau.
310 2750 370 2797 Vet.
381 2747 483 2797 Berlin.
497 2747 560 2795 Exr.
571 2748 652 2810 [sang.
665 2757 691 2797 et
702 2748 761 2797 edd.
773 2757 885 2798 recenti.
899 2749 999 2811 prodere
1011 2749 1046 2797 Η.
1056 2750 1148 2811 Steplr.
1161 2754 1189 2797 et
1204 2750 1292 2809 Ririu.

187 2816 211 2863 1.
233 2813 285 2863 Pro
295 2813 473 2874 exercitatione,
487 2811 598 2873 (luelplr.
615 2813 767 2862 excitatione.
793 2813 911 2874 Denique
924 2813 987 2862 Erre.
997 2815 1073 2862 Voss.
1086 2822 1112 2862 et
1122 2815 1237 2876 Guelplr.
1247 2829 1293 2863 uuo

179 2878 205 2928 ri.
216 2880 350 2942 pertulum·
368 2878 403 2927 H.
414 2879 541 2941 Steph.et
553 2879 640 2929 Ririn.
653 2883 675 2927 1.
685 2893 730 2928 roro
741 2879 763 2937 i,
775 2878 910 2940 proculisti,
920 2880 988 2941 qrrod
1001 2894 1050 2927 non
1063 2879 1221 2940 displicebat
1231 2878 1294 2929 Aci·

187 2944 314 2993 dulim-3
332 2945 411 2994 Grut.
423 2943 494 2994 delet
507 2958 530 2992 v.
547 2943 681 2998 dimicares,
693 2957 740 3004 pro
752 2959 802 3007 quo
815 2943 906 2992 Arnta.
919 2943 985 3007 conj.
997 2945 1118 2992 emicures.
1144 2944 1213 2994 Edd.
1223 2951 1291 2998 sett.

186 3007 235 3070 ipsi
249 3009 312 3056 lrostr'
319 3024 329 3064 ,·
346 3009 430 3057 Lirin.
444 3007 545 3057 Acidal.
559 3009 641 3057 Bsun.
660 3007 757 3057 cellar.
769 3009 885 3057 Putarot.
897 3008 965 3070 conj.
981 3008 1030 3070 ipre
1041 3008 1103 3057 trosti
1110 3024 1120 3065 ,·
1138 3009 1207 3072 qnod
1221 3023 1294 3058 rece·

187 3080 285 3136 perunt
295 3074 422 3122 Sclrwsra.
439 3080 466 3120 et
478 3072 572 3121 Arntz.
607 3074 680 3127 Mox,
696 3074 797 3123 Bertin.
813 3079 836 3122 et
847 3088 893 3134 quu
903 3073 1001 3133 fugeret
1016 3075 1135 3122 Oceanum
1148 3087 1292 3124 occurrerer.

187 3137 263 3195 Haec,
275 3142 297 3185 et
316 3152 362 3198 uua
371 3137 481 3196 sugeret,
498 3138 626 3196 glossema
643 3137 762 3185 Liuineio
778 3137 840 3193 risa,
852 3146 878 3184 et
890 3137 1015 3186 Grutero.
1048 3137 1168 3187 Eldikius
1180 3139 1253 3201 conj·
1268 3144 1293 3188 et

187 3217 233 3266 pun
241 3204 369 3258 accederet.
380 3205 455 3263 et‘puu
467 3202 568 3263 sugeret
579 3199 670 3249 cloiam
682 3215 822 3250 occurrerer.
847 3199 916 3250 Ante
927 3203 1012 3251 Lirin.
1024 3203 1152 3251 edebatur
1161 3218 1295 3261 occurrere.

188 3268 256 3335 quod
269 3268 380 3318 retinuit
391 3266 479 3317 Ririn.
513 3265 565 3316 Sed
583 3266 660 3316 etiam
672 3281 806 3317 occurrerer
822 3267 932 3330 probant
949 3268 1015 3318 Exc.
1027 3269 1171 3319 Sclrontror.
1187 3271 1230 3321 seu
1247 3271 1294 3319 ml·

687 3402 795 3454 NOTAE

189 3503 326 3555 Orientem
344 3502 446 3552 Vistula
465 3501 608 3552 definitum.
639 3503 718 3552 Nunc
761 3503 1005 3566 aomeutucupimdo.

185 3576 258 3645 parti
270 3579 399 3630 Orientali
411 3579 584 3642 Pomersniae,
594 3585 622 3628 et
639 3577 718 3628 Occi·
793 3585 806 3620 v
823 3579 878 3642 lpse
889 3580 960 3644 [ipsi]
972 3578 1046 3642 trosti]
1064 3579 1185 3629 Fortasse
1196 3580 1256 3643 ipre,
1265 3586 1294 3631 ut

181 3658 285 3708 >dentati
298 3656 572 3719 Prussiaerespondet.
703 3680 704 3684 =
761 3656 851 3704 volunt
863 3656 987 3706 nonnulli.

219 3741 232 3768 ¹
248 3733 380 3783 Multitudo
388 3733 501 3794 pestifera
520 3731 645 3794 [pestifero
659 3731 719 3780 mul·
793 3739 806 3775 ‘1
822 3733 1023 3796 Etpuusugeret]
1041 3734 1235 3796 Expungeudas
1247 3749 1294 3797 pn·

187 3811 275 3875 titudo]
293 3811 414 3860 Fortasse
427 3808 515 3856 addita
529 3807 618 3856 vocula
633 3808 719 3869 legen·
760 3814 800 3860 tat
817 3809 863 3860 lras
882 3825 958 3860 voces
977 3811 1121 3871 Livineius,
1135 3819 1164 3862 ut
1182 3827 1241 3876 qnae
1260 3814 1293 3862 ab

187 3890 248 3941 dum
271 3894 320 3946 ert,
337 3884 453 3949 pestifera
469 3890 520 3934 emt
538 3883 674 3940 multitudo,
690 3890 719 3934 ut
759 3887 879 3952 imperito
891 3887 1005 3950 librario,
1018 3887 1049 3935 ad
1068 3887 1293 3950 interpretandum

188 3965 336 4025 suspicatur
348 3961 491 4011 Livineius.
760 3964 829 4028 qnod
847 3963 990 4027 praecessit,
1012 3977 1106 4026 nempe
1123 3979 1169 4027 quc
1189 3966 1294 4028 cederet,

181 4082 184 4093 .
220 4047 232 4073 ⁰
250 4039 375 4102 Triumphi
385 4035 535 4098 ornamenta]
553 4035 605 4086 Alii
619 4036 720 4088 addunt
760 4039 857 4090 additae
873 4039 934 4095 rint,
952 4053 982 4087 sc
995 4037 1157 4101 postmodum
1174 4052 1209 4088 ex
1225 4040 1293 4104 plor·

188 4117 229 4174 ad,
239 4117 306 4178 qnod
325 4131 383 4166 urea
398 4114 502 4178 quidem
519 4114 650 4163 sententia
667 4129 719 4163 me·
760 4124 857 4169 semote
870 4116 896 4167 in
908 4122 1058 4168 contextum
1072 4115 1194 4180 delapsa.

182 4191 255 4258 ,tirus
272 4197 301 4246 ut
312 4191 422 4257 legatur,
434 4206 489 4247 mou
505 4192 537 4242 ud
555 4189 668 4256 triumplu
679 4206 718 4243 ur·
