2730 4726
544 316 677 367 numm
701 317 852 367 ercam.
1142 306 1228 383 lota

127 467 337 552 ignoramus,
366 463 652 557 proconsulatum.
707 463 816 548 Igitur
845 463 972 548 ubique
1001 466 1044 530 ab
1070 464 1228 538 Ausonio

126 569 315 656 proconsul
335 567 534 652 appellatur.
578 566 625 630 Et
647 565 733 632 forte
757 567 801 633 ob
816 567 998 632 orationem
1016 573 1229 644 mamillam

128 679 336 739 consecutus
346 678 401 736 est
412 691 433 735 a
443 670 635 735 Theodosio
647 670 681 733 in
696 670 806 754 patria
818 689 880 734 sua
893 668 1097 752 dignitatem.
1132 673 1231 742 Ami.

127 776 212 841 citia
232 794 310 838 cum
325 770 480 837 Ausonio
500 771 601 836 etiam
622 771 861 854 Symmachum
875 770 1071 855 praefectum
1086 777 1179 842 urhis
1194 785 1231 846 et

129 875 304 940 consulem
320 872 521 939 ordinarium
542 873 740 956 complexus
756 880 827 954 est;
850 874 910 957 qni
929 874 1031 939 etiam
1053 881 1161 942 ternas
1184 879 1232 944 ad

128 997 210 1043 eum
232 977 369 1061 scripsit
391 975 577 1059 Epistulas,
596 995 673 1059 quae
699 982 733 1040 et
756 974 855 1040 hodie
877 975 965 1041 inter
988 978 1061 1062 ejns
1080 982 1230 1065 reliquas

126 1087 319 1164 supersunt.
364 1079 654 1162 Intelligimnsqne
668 1097 713 1142 ex
728 1079 773 1144 iis
792 1078 895 1144 etiam
910 1078 1096 1158 Leontium,
1113 1083 1229 1168 Olym-

127 1187 291 1267 piumque
314 1180 472 1246 hahuisse
497 1182 582 1245 inter
605 1180 746 1245 amicos.
791 1180 996 1266 Quanquam
1019 1184 1083 1270 Ep.
1102 1203 1157 1250 rx.
1173 1189 1229 1254 58.

127 1284 371 1370 nescioquam
401 1283 476 1368 ejus
506 1283 722 1367 pertinaciam
753 1282 789 1348 in
818 1284 869 1350 ira
894 1285 1070 1352 adversum
1101 1290 1230 1356 amicos

128 1387 234 1454 etiam
263 1386 430 1454 servanda
457 1387 600 1471 prodere
625 1385 849 1470 Symmachus
874 1389 1037 1453 videatur.
1086 1392 1230 1472 Floruit,

128 1489 414 1574 quemadmodum
430 1489 503 1573 jam
521 1508 566 1555 ex
583 1487 757 1573 praedictis
771 1497 914 1568 constat,
930 1490 1115 1558 Theodosii
1131 1495 1230 1579 Mag·

127 1592 175 1671 ni,
201 1591 383 1672 Valentini,
407 1600 442 1658 et
470 1591 619 1657 Honorii
648 1591 870 1676 temporibus.
914 1592 1018 1659 Vixit
1042 1603 1165 1676 autem,
1191 1605 1231 1665 ut

128 1695 261 1779 opinor,
286 1697 431 1761 maxime
454 1696 491 1760 in
514 1695 643 1778 patria:
675 1701 764 1759 certe
787 1694 949 1760 redeundi
974 1697 1056 1762 illuc
1077 1700 1231 1769 absoluta

130 1798 283 1864 oratioue
311 1799 456 1864 animum
485 1797 655 1875 habuisse,
684 1797 764 1880 ipse·
791 1799 875 1862 satis
903 1799 1060 1876 ostendit,
1087 1808 1122 1865 et
1147 1823 1231 1869 non·

128 1901 215 1968 nihil
237 1902 342 1968 literae
369 1901 412 1966 ad
436 1902 546 1985 ipsum
571 1900 614 1964 ah
636 1901 756 1964 amicis
782 1901 917 2001 scn‘ptae
938 1900 1091 1968 indicare
1113 1907 1235 1999 viden·¹

129 2011 196 2072 tur.
240 2004 334 2086 Quin
353 2011 387 2073 et
409 2003 567 2070 Sidonius
586 2024 663 2068 eum
687 2004 782 2069 velut
809 2004 979 2087 singulare
1003 2003 1230 2093 Nitiobrignm
1293 2022 1295 2026 ‘

127 2113 373 2187 ornamentum,
389 2107 653 2191 eruditionisque
672 2127 713 2172 ae
736 2106 908 2190 elegantia
932 2108 1126 2193 exemplum
1139 2133 1230 2180 com-

128 2211 280 2278 mendat.
332 2209 505 2293 Quamdiu
536 2211 667 2289 vixerit,
694 2209 876 2295 quandove
906 2218 1057 2279 mortuus
1085 2215 1131 2279 sit
1162 2237 1231 2284 non

128 2321 278 2384 constat:
302 2314 347 2380 ad
367 2312 499 2379 Sidonii
519 2319 655 2380 aetatem
674 2320 785 2379 tamen
803 2333 871 2378 non
888 2314 1056 2399 pertinuit.
1101 2317 1181 2385 Fuit
1196 2327 1231 2388 et

128 2421 220 2485 alius
234 2418 386 2484 Pacatus
397 2414 649 2483 Alexandrinus
663 2417 910 2500 grammaticus,
921 2416 1019 2501 eujus
1030 2422 1230 2492 mentionem

127 2523 214 2590 facit
234 2521 369 2587 Suidas.
396 2521 703 2602 ‘Quemadmodum
723 2529 759 2585 et
782 2520 869 2586 alins
894 2521 1082 2604 Drepanins
1106 2543 1228 2608 cogno-

101 2620 103 2624 ‘
128 2633 243 2692 mento
259 2624 389 2702 Floms,
403 2623 686 2710 hymnographus.
731 2623 800 2690 Sed
816 2624 841 2689 ii
855 2623 903 2688 nil
918 2622 960 2688 ad
974 2629 1124 2692 nostrum
1138 2627 1228 2698 hunc

129 2729 339 2812 Drepanium
353 2725 530 2793 Pacatum.

197 4301 286 4366 Delph.
294 4303 316 4351 et
329 4298 391 4352 Ver.
403 4301 468 4354 ctae.
597 4301 688 4363 Paneg.
703 4295 757 4352 Vct.
