2730 4726
147 282 236 353 laos
465 296 632 347 nuunnrr
658 296 931 348 rannorarcus

188 447 279 511 car.
295 460 409 510 xvrn.
452 445 486 509 1.
508 443 630 510 Statim
657 442 760 526 igitur
782 450 819 510 ut
840 445 970 511 foedum
999 444 1085 511 illud
1114 446 1250 512 fucinus¹

144 549 327 622 audierant,
343 548 431 612 ultro
446 567 468 612 a
481 555 515 611 te
530 547 765 631 proficiscendi
780 550 911 630 signnm
934 550 1148 632 petiverunt3
1169 570 1248 615 cum

144 653 272 719 viatica
288 650 398 725 dares,
412 650 447 714 id
462 650 574 734 ipsum
589 649 657 714 sibi
678 669 805 714 moram
818 651 941 726 facere,
953 653 1098 736 plusque
1106 651 1184 735 iam
1196 672 1248 731 se,

145 774 248 840 qnam
277 751 458 824 sufficeret,
492 771 536 816 ex
566 751 799 834 largitionibus
828 754 897 817 tuis
923 753 1047 818 habere
1073 753 1248 819 dixerunt.

143 858 178 922 2.
202 855 287 920 lude
301 855 445 938 arreptis
468 855 569 919 armis
593 863 713 938 portas
727 857 907 939 petierunt,
920 863 972 922 tot
985 857 1117 922 diarum
1140 859 1207 922 iter
1225 874 1249 922 a

146 958 270 1025 Rheno
286 977 394 1042 usque
410 957 455 1023 ad
480 957 614 1022 Ararim
637 957 711 1021 sine
733 957 804 1021 ulla
831 959 945 1041 requie
966 967 1178 1041 peregerunt,
1199 960 1246 1023 in·

145 1061 291 1127 defessis
305 1061 519 1143 corporibus,
546 1058 671 1124 animis
684 1059 915 1142 flagrantibus,
935 1069 1111 1126 crescente
1124 1064 1161 1127 in
1174 1062 1247 1127 dies

144 1164 266 1230 ardore
282 1163 455 1242 vindictae,
467 1169 594 1246 quanto
609 1162 751 1246 propius
763 1162 972 1229 accederent
1014 1163 1049 1226 3.
1070 1163 1161 1229 Τιιιιι
1174 1164 1249 1249 qni*

144 1265 220 1333 dem
238 1277 307 1346 tua,
322 1267 521 1351 Imperator,
546 1285 640 1344 cura,
659 1286 727 1350 qua
741 1265 932 1332 refovendis
945 1285 1059 1331 eornm
1072 1267 1207 1332 viribus
1226 1287 1249 1332 a

146 1368 376 1435 Cabillonensi
392 1375 493 1452 portu
508 1369 645 1452 navigia
655 1370 865 1454 provideras,
876 1370 1113 1436 festinantibus
1127 1370 1249 1454 praeire

144 1493 211 1551 nou
226 1473 366 1557 placuit.
399 1470 520 1552 Segnis
535 1470 616 1537 ille·
630 1476 664 1535 et
677 1471 939 1536 cunctabundus
953 1472 1063 1536 amnis
1076 1492 1248 1557 nunqnam

143 1575 251 1639 fuisse
265 1575 392 1639 tardior
406 1573 594 1640 ridebatur.
638 1570 774 1639 Carinis
790 1575 891 1639 tacite
905 1573 1114 1652 labentibus,
1124 1580 1161 1639 et
1169 1575 1249 1658 ripis

144 1679 235 1742 lente
250 1671 511 1753 recedentibus,‘
530 1686 621 1742 stare
635 1695 687 1753 se,
710 1696 778 1742 uon
793 1676 841 1740 ire
857 1677 1059 1742 clamabant.
1103 1679 1139 1741 4.
1161 1675 1248 1742 'fun

145 1800 227 1845 vero
238 1801 335 1845 nsum
348 1780 473 1866 pedum
489 1780 644 1844 manibus
659 1780 811 1861 aggressi
827 1780 1005 1844 incubuere
1019 1778 1199 1863 remigiis,⁸
1216 1785 1249 1845 et

145 1893 298 1950 naturam
329 1883 475 1957 fluminis
504 1882 653 1965 urgendo
678 1882 842 1953 vicerunt,
880 1887 918 1944 ot
947 1880 1081 1946 tandem
1106 1881 1249 1948 eluctati

145 1986 264 2053 Araris
278 2007 399 2066 moras,
410 1989 468 2052 vix
483 1988 560 2072 ipso
577 1985 746 2050 Rhodano
762 1984 854 2049 fuere
869 1985 1029 2048 contenti:
1045 2003 1167 2066 parum
1182 1985 1248 2051 illis

120 2088 127 2096 “
148 2090 323 2157 videbatur
336 2091 491 2156 concitus
506 2109 612 2168 ruere,
635 2090 746 2153 minus
760 2088 860 2154 solito
875 2083 1034 2151 Arelateh
1057 2106 1251 2171 properare.

146 2193 180 2267 5.
202 2191 296 2272 Quid
312 2194 441 2259 multat
463 2192 688 2258 confitendum
704 2198 768 2270 est,
785 2191 986 2274 Imperator,
998 2208 1076 2254 cum
1099 2188 1169 2255 hoc
1190 2198 1250 2257 tuo

146 2295 263 2375 vigore
278 2297 441 2378 corporis
457 2294 521 2359 hoc
544 2295 663 2360 ruentis
679 2294 797 2358 ardore
816 2293 976 2358 laborasti
1001 2292 1183 2372 interdum,
1202 2304 1249 2370 ut,

147 2416 246 2479 quem
263 2397 426 2472 ducebas,
443 2396 632 2479 sequereris
648 2397 846 2460 exercitum.
891 2394 922 2459 6.
946 2393 1057 2460 Tanto
1073 2397 1165 2460 enim
1181 2417 1249 2461 om-

147 2519 209 2564 ncs
235 2500 362 2584 impetu
391 2500 593 2577 ferebantur,
621 2505 671 2574 ut,
702 2518 780 2562 cum
805 2498 915 2575 illum,
944 2495 1079 2564 Arelate
1104 2499 1250 2578 deserto,

181 2785 250 2836 Cau.
266 2797 353 2834 xvur·
388 2788 398 2832 l
418 2781 532 2846 Guelph.
552 2783 670 2846 plaajcm
688 2799 713 2834 ee
730 2784 894 2849 sufficere-2
919 2783 972 2832 Pto
991 2786 1082 2844 portur,
1102 2781 1250 2842 Schonhor.

148 2850 219 2914 conj.
234 2855 324 2914 putu.
358 2849 472 2912 Guelph.
488 2847 590 2900 Ararim
624 2849 691 2898 Edd.
707 2849 827 2913 quaeda-
844 2855 909 2896 retr.
925 2847 1073 2906 indefessis.
1096 2849 1158 2897 Ver.
1171 2851 1251 2900 Lirin.

148 2917 253 2966 Bertin.
264 2916 352 2964 Moert.
366 2924 392 2964 et
404 2914 518 2977 Guelph.
534 2914 670 2963 accederent
688 2929 749 2974 mm,
765 2916 857 2977 tra—³
869 2912 935 2960 Voe.
943 2927 1007 2972 ,euru
1018 2912 1092 2967 deest
1104 2912 1130 2962 in
1140 2913 1252 2978 Guelph.

148 2982 246 3042 nauigio
264 2981 410 3044 praecideres
428 2981 454 3029 in
473 2978 564 3028 eodem
583 2979 683 3028 codice.
703 2993 771 3042 pane
791 2991 837 3028 non
854 2978 946 3039 placuit
966 2975 1027 3025 edd·
1047 2985 1109 3039 aute
1129 2979 1251 3030 Acuta.-

148 3051 165 3096 4
183 3045 250 3094 Edd-
266 3054 327 3094 rute
343 3045 421 3094 Grut.
438 3044 562 3094 incubuere
578 3045 702 3107 moigtir3
719 3050 747 3092 et
764 3043 802 3092 ric
817 3041 897 3091 etiam
911 3042 998 3092 Rivin.
1013 3042 1031 3089 i.
1045 3042 1156 3104 remigiis
1168 3044 1252 3094 Moerl.

150 3110 263 3172 Guelph.
281 3111 347 3159 Exn.
364 3110 508 3160 Schonhov.
525 3110 587 3158 Vet.
603 3110 690 3158 Lirin.
701 3110 761 3158 Vet.
774 3110 888 3159 Putean.
899 3108 999 3156 Bnrtio.
1012 3108 1121 3168 cuspin.
1133 3108 1216 3160 Grai.
1226 3117 1252 3158 et

149 3182 263 3229 recente.
297 3176 372 3237 Mor,
393 3176 531 3226 educate
552 3173 761 3239 Aruinjtumini.
795 3170 862 3221 Vide
879 3173 1252 3224 Noravma-e‘caatoe

149 3240 205 3305 tuo]
221 3237 357 3305 superflua
369 3240 474 3291 omnino
487 3249 526 3291 est
539 3255 588 3289 vox
601 3240 722 3304 princeps
733 3253 801 3298 eum,·
818 3235 907 3288 forsan
918 3238 997 3289 etiam
1009 3238 1088 3288 tertia
1099 3237 1159 3291 tuo?
1176 3240 1253 3291 (irat.

648 3401 760 3458 NOTAE
813 3427 815 3431 v

183 3503 299 3568 ‘Segnia
315 3503 367 3567 itte]
387 3501 463 3560 Arar,
483 3503 523 3553 rel
541 3502 641 3565 Araris,
657 3506 681 3554 lo
722 3503 801 3553 dere:
826 3503 871 3553 sed
894 3502 953 3567 quia
973 3516 1024 3551 non
1044 3501 1108 3552 satir
1129 3503 1253 3554 celeriter

152 3583 237 3635 Saone.
272 3581 376 3630 Florius
388 3580 482 3631 Galliae
494 3582 618 3638 Comata,
634 3583 680 3632 Se·
723 3580 943 3646 provehebantur,
964 3581 1029 3642 ripae
1049 3581 1157 3642 lentius,
1178 3596 1253 3647 quant

151 3674 250 3725 quanm
262 3657 295 3707 ab
308 3656 395 3707 AEdnis
409 3672 544 3722 reparans,
559 3665 637 3722 atque
649 3658 681 3708 ad
723 3655 1026 3723 optabant,videbantrrr
1038 3657 1100 3722 ipsis
1119 3659 1253 3709 recedere.

152 3736 308 3800 ‚ugdunum
344 3733 468 3783 Rhodano
503 3734 682 3799 congrediens.
755 3735 915 3785 tiocubaere
932 3734 1053 3799 remigiis]
1071 3735 1254 3798 Virgilineid.

153 3815 179 3863 0
195 3814 200 3825 '
216 3826 247 3862 ur
262 3825 295 3860 ex
306 3809 411 3873 Vogeao
429 3817 515 3860 moute
530 3810 556 3859 ia
572 3809 683 3860 confinio
724 3827 762 3863 vr.
773 3817 830 3862 294.
841 3811 935 3862 ‘Nunc
946 3827 961 3860 o
973 3812 1041 3861 lecta
1053 3812 1254 3874 manur,ratidis

153 3886 337 3950 Lotbaringire.
371 3886 504 3936 Claudiae.
523 3887 638 3937 ‘Lentus
648 3886 683 3938 Α·
723 3889 864 3939 incumbite
877 3888 964 3944 remis,
976 3887 1104 3938 Hectorei
1120 3887 1202 3938 recia·

153 3981 206 4026 rar,
218 3965 410 4028 Rhodanusque
422 3963 511 4019 celer:
521 3965 570 4012 dre.
755 3962 769 3998 ¹¹
783 3963 895 4025 Arelate]
912 3963 994 4024 Aries,
1006 3963 1066 4013 urbs
1081 3963 1176 4014 Gallie
1189 3965 1255 4014 Nar-

186 4040 196 4074 ἴ
213 4042 282 4105 Ripir
298 4043 361 4090 bate
375 4038 547 4103 recedentibus]
564 4038 589 4089 A
606 4048 684 4103 portu
724 4039 785 4090 bon.
799 4038 1128 4104 archicancellarium
1140 4038 1256 4090 fluvium.

154 4118 222 4166 enim
240 4117 409 4177 solventibus,
427 4126 455 4166 ut
470 4124 510 4165 ert
527 4114 597 4177 apud
611 4117 683 4181 virg.
726 4121 766 4169 De
779 4132 829 4181 qrra
840 4116 972 4168 Ausonius
985 4120 1011 4168 iu
1023 4117 1109 4169 Catal.
1121 4118 1255 4169 Clarorum

156 4191 259 4250 AEueid·
269 4204 312 4242 ιιι.
323 4193 364 4242 ⁷2.
380 4199 457 4243 terra
475 4190 596 4244 videntur
611 4205 684 4244 rece·
725 4194 845 4247 Urbium.
