2730 4726
60 320 69 328 ·
130 302 218 368 lato
415 341 434 352 -·
455 313 612 365 racnarr
637 312 911 364 rrancrnreus

129 477 228 528 versa
250 454 431 524 causarum
460 458 590 524 ratione
617 458 734 525 divino
762 458 916 536 consilio,
942 456 1145 543 Imperator,
1163 450 1232 527 'boe

72 575 78 588 ·
130 570 292 641 est-tuo,
316 581 381 626 uon
406 562 551 627 militum
575 561 834 640 multitudinem,
860 561 921 625 sed
947 563 1094 645 partium
1118 564 1231 628 merita

128 665 323 730 numerasti.
511 667 514 672 '
1224 658 1231 695 r

170 766 265 834 Cre.
277 783 313 828 v.
328 764 524 846 Latagum
540 763 748 845 Alexander,
764 785 851 843 cum,
865 771 991 850 praeter
1006 763 1232 832 Macedonasi

129 878 223 948 suos,
248 875 379 934 cunctae
394 865 565 946 Graeciaefl·
590 871 744 934 universo
768 864 932 953 Illyricol
952 869 1230 934 innumerabilem

129 972 296 1036 delectum
313 976 428 1054 posset
439 971 599 1049 indicere,
613 989 784 1054 uunquam
800 980 912 1036 tamen
925 970 1073 1055 majores
1086 971 1231 1054 quadra-¹
1257 1046 1259 1051 ¹

128 1077 219 1159 ginta
233 1073 374 1138 millium
389 1072 508 1157 copias
519 1073 638 1152 duxit3
653 1074 801 1139 inhabile
816 1073 945 1156 regenti
959 1079 1054 1138 ratus
1069 1071 1232 1157 quicquid

128 1176 342 1254 excederet·
370 1181 403 1240 et
430 1177 563 1241 turham
594 1178 723 1260 potius,
751 1196 854 1261 quam
881 1175 1101 1240 exercitum*
1124 1175 1158 1239 2.
1180 1175 1232 1239 Tu

128 1298 209 1344 vero
225 1278 325 1342 etiam
340 1277 526 1341 minoribus
540 1278 651 1361 copiis
665 1278 786 1354 bellum
801 1278 907 1342 multo
928 1277 1038 1362 majus
1053 1281 1232 1359 aggressus
1262 1274 1265 1284 “

129 1385 303 1459 es31ant0
328 1380 459 1445 scilicet
483 1388 544 1447 tua
568 1383 693 1446 virtute
717 1381 856 1465 propria
878 1379 1000 1464 potior,
1025 1387 1157 1463 quanto
1178 1376 1233 1442 ille

127 1502 266 1547 numero
281 1484 480 1547 instructior.
513 1483 546 1548 3.
562 1484 607 1548 Et
621 1483 677 1548 ille
692 1482 829 1567 quidem
844 1489 963 1548 contra
976 1482 1070 1545 leves
1086 1475 1235 1559 Medos,¹

127 1592 162 1648 et
176 1583 326 1647 imbelles
347 1582 463 1666 Syros,
486 1591 522 1648 et
544 1584 746 1650 Parthorum
761 1604 855 1649 arma
868 1585 1029 1663 volatica,
1049 1590 1084 1648 et
1102 1575 1232 1648 Asiatiss
1271 1568 1275 1577 ¹

128 1706 201 1763 cos,
228 1691 381 1769 optantes
394 1693 537 1750 *mutare
565 1688 753 1764 servitium,
776 1707 845 1750 rem
871 1687 973 1768 gessit
995 1685 1107 1768 praelii
1133 1686 1233 1750 unius

24 1826 35 1851 .
128 1795 271 1853 eventu:
294 1788 355 1853 tibi
385 1787 545 1853 vincendi
574 1795 701 1852 erant¹²¹
717 1787 865 1864 milites,
894 1806 957 1870 pro
985 1785 1101 1850 nefas!
1126 1779 1232 1869 paulo

128 1897 206 1955 aute
221 1889 380 1966 Romani,
399 1890 501 1953 armis
515 1890 681 1967 omnihus,
696 1908 787 1954 more
804 1891 921 1974 primae
937 1889 1069 1965 classis,
1085 1889 1233 1965 armati·

128 2000 175 2067 et,
194 2010 253 2074 pro
268 1990 453 2056 facinorum
469 1990 689 2067 couscientia,
705 2008 875 2074 nunquam
891 1990 958 2054 nisi
971 1995 1080 2053 morte
1094 1992 1237 2055 cessuri.
1265 1990 1267 1995 ’

127 2100 160 2158 4.
183 2093 346 2157 Probavit
364 2093 427 2156 hoe
448 2093 555 2176 prima
568 2092 750 2157 obstinatio
766 2111 891 2170 eorum,
912 2092 971 2175 qui
991 2092 1054 2155 sub
1069 2092 1159 2176 ipsis
1173 2092 1232 2158 Al·

128 2196 222 2279 pium
234 2194 338 2279 jugis,
358 2195 582 2259 munitissimo
600 2195 683 2285 licet
701 2202 796 2260 muro
816 2188 858 2259 a'c'
880 2195 947 2258 situ
968 2199 1118 2258 tenentes
1135 2196 1231 2280 oppi-

129 2296 241 2374 dum,⁰
272 2295 350 2358 ausi
374 2295 518 2373 fuerunt,
549 2301 582 2360 te
610 2296 815 2374 imminente,
844 2295 1015 2371 resistere,
1044 2287 1087 2359 ac*
1114 2302 1232 2380 portas

161 2451 173 2475 ⁸
192 2444 252 2491 Cum
262 2448 340 2505 posset
351 2458 382 2491 ea·
391 2444 501 2492 universa
513 2445 601 2508 Illyria
610 2446 792 2496 innumerabiles
803 2444 883 2506 copim
892 2444 1039 2502 connubere,
1050 2447 1234 2509 sasqmseptm

127 2509 288 2571 quadraginta
300 2508 402 2557 matam
413 2510 516 2558 militum
526 2513 651 2568 conducit,
663 2511 806 2563 existimans
816 2511 901 2560 iautite
911 2511 1110 2572 esse's'mperutori
1121 2511 1232 2575 quicquid

128 2574 189 2622 hunc
200 2588 322 2622 numerum
331 2579 462 2636 superaret.

590 2653 774 2676 amomon

162 2734 230 2786 Car.
244 2751 271 2785 v.
297 2741 311 2785 1
330 2737 430 2800 illyriae
441 2737 459 2786 i.
473 2737 585 2788 dilectam
602 2737 662 2786 edd.
673 2737 793 2801 quaedam
803 2744 864 2789 aute
878 2736 967 2787 Arutz.
984 2737 1006 2786 1.
1017 2737 1035 2786 i·
1045 2738 1162 2787 demeum
1173 2735 1232 2786 edd.

129 2801 210 2865 antiq.
228 2807 306 2850 tumea
319 2802 391 2851 deest
403 2805 429 2850 in
441 2802 501 2852 edd.
515 2804 625 2851 Cbouet.
639 2803 725 2852 Ririn.
736 2804 820 2851 Brun.
831 2812 858 2852 et
872 2805 906 2852 al.
918 2809 983 2852 vett.
996 2803 1023 2851 id
1035 2815 1097 2851 vero
1109 2800 1232 2852 exhibent

128 2867 192 2915 Vet.
205 2866 318 2915 Putean.
328 2868 390 2917 Vct.
404 2867 488 2916 Lirin.
500 2868 601 2916 Bertiu.
619 2868 726 2930 Cuspiu.
746 2869 833 2917 Moerl.
853 2870 918 2917 Exn·
934 2867 1080 2917 Schonlmr.
1098 2866 1130 2914 P.
1142 2866 1232 2933 Steplr·

127 2929 248 2979 Francos.
265 2932 348 2979 Paris.
364 2932 459 2982 Celtas.
474 2939 501 2980 et
517 2933 615 2996 Jaeger.
631 2932 790 2995 quodraginta
801 2932 905 2982 millibus
919 2932 989 2995 conj.
1001 2931 1086 2980 Livin.
1103 2931 1232 2999 exercitu

122 2995 248 3054 judicabat
265 2995 351 3044 Livio.
368 2996 414 3045 sed
431 2997 506 3046 deest
524 2999 549 3045 in
562 2999 624 3047 Vet.
634 2997 721 3045 Livio.
733 2998 842 3061 Cuspiu.
854 2998 1020 3046 Rhenum—8
1037 2997 1124 3045 Medos
1134 2996 1232 3054 omittit

129 3060 217 3108 Moerl.
233 3065 257 3107 et
267 3060 366 3108 Asiacos
378 3063 402 3109 in
415 3061 506 3110 eodem
518 3063 618 3123 codice,
629 3068 697 3111 eruut
709 3062 819 3111 uincendi
834 3063 896 3111 Vet.
909 3061 992 3110 Lirin.
1010 3065 1034 3109 et
1048 3057 1126 3122 prola!
1136 3060 1231 3119 sucino·

127 3139 180 3173 rum
192 3124 366 3187 Romarm-4
379 3126 432 3174 Pro
444 3127 609 3183 munitissimo,
622 3127 707 3175 Lirin.
718 3132 744 3175 et
756 3125 859 3178 Acidal.
870 3127 937 3189 conj.
953 3125 1146 3174 munitissimam.
1178 3125 1230 3175 Pro

160 3326 168 3360 ¹
184 3326 339 3389 Macedonas]
354 3330 397 3378 De
414 3328 571 3379 Macedonia
581 3343 660 3393 supra
700 3328 854 3395 Meridiem.

128 3401 227 3464 Paneg.
239 3417 280 3452 ιιι.
291 3418 349 3468 cap.
360 3407 398 3455 17.
554 3416 558 3431 ‘
735 3402 742 3436 ¹
755 3404 830 3454 Leues
845 3404 942 3468 Medos]
960 3402 1034 3454 Medi
1051 3400 1151 3464 Persis,
1167 3401 1230 3451 Par·

157 3479 167 3525 l
187 3483 286 3530 Canctae
295 3483 409 3546 Groecioe]
421 3483 494 3532 Varii
505 3483 582 3533 variis
594 3489 660 3532 tem·
700 3479 761 3541 this,
769 3487 796 3530 et
807 3480 921 3543 Assyriis
929 3480 1030 3530 finitimi
1042 3477 1074 3527 ad
1086 3476 1231 3528 Maraces·

128 3557 234 3622 poribus
246 3557 321 3606 fuere
335 3559 447 3607 Graeciae
466 3559 572 3608 tirmiter.
606 3558 660 3608 Ita·
700 3557 771 3621 pium
783 3558 911 3606 habitant.

129 3648 180 3700 que
194 3634 215 3682 si
230 3634 282 3684 late
300 3633 420 3701 sumitur,
436 3634 553 3697 Epirum,
570 3634 659 3683 Mace·
733 3641 752 3666 ¹²
770 3633 824 3683 Tibi
834 3633 943 3684 macardi
951 3630 1033 3694 erum]
1045 3632 1141 3681 Elevat
1153 3643 1230 3694 qrrau·

129 3710 240 3772 doniam,
250 3717 277 3759 et
292 3709 449 3759 Thessaliam
463 3710 659 3774 complectitur:
701 3719 755 3761 tum
777 3718 864 3775 potest
885 3711 1028 3761 Alexandri
1051 3709 1184 3768 victorias,
1203 3714 1230 3755 ut

130 3787 152 3835 si
173 3801 234 3836 vero
257 3786 384 3847 strictius,
404 3785 658 3843 Achaiam'tantum,
698 3789 864 3848 Boustantiui
877 3788 958 3838 virtue
969 3787 1050 3851 major
1061 3791 1198 3848 appareat.

128 3864 347 3925 Peloponnesum,
358 3870 385 3910 et
395 3862 500 3911 insulas.
638 3926 641 3932 Ι
702 3923 705 3927 ,
732 3873 744 3897 ¹¹
756 3865 826 3914 More
833 3865 917 3928 primu
924 3864 1013 3921 clareia
1025 3859 1128 3922 armati]
1141 3860 1229 3922 idest,

161 3935 173 3969 ¹
194 3938 310 3987 Universa
322 3937 435 4001 Illyrico]
448 3938 580 4000 Illyricum
591 3938 659 3988 iuter
699 3941 870 4004 cataphracti.
1121 3953 1125 3959 “

128 4014 320 4078 Macedoniam,
347 4016 379 4065 ad
404 4015 515 4075 Ortum;
544 4016 658 4073 istriam,
731 4024 743 4048 ⁰
761 4014 891 4080 Oppidum]
911 4015 1055 4080 Segouiam,
1071 4014 1106 4063 de
1123 4027 1173 4080 qua
1190 4025 1229 4061 nr·

130 4091 163 4139 sd
181 4093 328 4154 Occasum3
350 4093 522 4153 Pannoniam,
541 4092 573 4141 ad
593 4093 658 4157 Sep·
699 4092 732 4145 be
747 4094 804 4144 ride
815 4094 914 4158 Pauca.
927 4105 955 4145 x.
966 4106 1023 4157 cap.
1035 4095 1075 4141 17.

129 4171 310 4235 temtrionem3
325 4178 352 4223 et
361 4185 432 4223 mare
442 4169 614 4235 Adriaticum,
625 4170 658 4220 ad
