2730 4726
144 298 232 365 leae
550 312 685 360 narrar
711 313 849 363 racsrr

144 458 411 544 exprobrabatur
431 456 565 523 mulieri
590 457 722 524 viduaee
741 459 848 525 nimia
860 456 988 544 religio,
1003 466 1039 528 et
1053 461 1247 549 diligentius

143 564 237 628 cultu
251 561 424 626 divinitas.
468 560 501 626 3.
524 560 616 641 Quid
637 561 703 628 hoc
724 562 835 648 majus
859 571 993 650 poterat
1004 566 1181 635 intendere
1196 590 1247 636 ac·

142 673 280 732 cusator
294 661 500 731 sacerdosld
520 665 585 730 init
599 666 699 739 enim,
713 666 780 734 suit
794 676 829 735 et
846 670 910 735 hoc
925 669 1115 736 delatorum
1129 693 1246 754 genus,

142 769 202 853 qni
231 768 422 832 nominibus
450 767 629 848 antistites,
655 789 770 836 revera
796 780 908 838 autem
935 771 1116 850 satellites,
1140 784 1247 861 ⁴atque

141 871 229 936 adeo
246 870 433 951 carnifices,
448 890 515 935 nou
536 873 686 936 contenti
705 872 847 938 miseros
861 873 964 939 avitis
984 871 1179 943 evolvisse·
1191 900 1247 964 pa·

141 975 315 1050 trimoniis,
337 973 632 1039 calumniabantur
657 975 694 1038 in
718 977 927 1057 sanguinem,
946 984 983 1040 et
1005 978 1095 1042 vitas
1118 1000 1248 1063 preme·

140 1079 225 1142 bant
237 1096 369 1140 reorum
380 1077 453 1160 jam
467 1096 678 1159 pauperum:
702 1077 895 1162 quinetiam,
908 1099 984 1144 cum
995 1079 1143 1164 judiciis
1156 1071 1248 1168 capi·

140 1181 285 1246 talibus·
308 1182 508 1259 astitissent,
534 1199 613 1244 cum
634 1182 779 1263 gemitus
802 1188 836 1246 et
859 1189 1029 1248 tormenta
1050 1186 1246 1254 miserorum

140 1285 280 1348 auribus
301 1303 343 1349 ac
362 1284 545 1348 luminibus
566 1282 772 1364 hausissent,
786 1305 863 1350 cam
880 1285 1033 1351 lictorum
1047 1306 1158 1366 arma,
1173 1311 1247 1357 cum

140 1386 369 1451 damnatorum
392 1381 537 1451 sraeoa0‘
556 1393 771 1466 tractassent,
793 1380 943 1471 pollutas
968 1389 1100 1474 poenali
1122 1411 1247 1461 manus

139 1497 296 1554 contacta
310 1489 353 1553 ad
375 1508 475 1553 sacra
496 1488 693 1569 referebant,
710 1496 746 1554 et
757 1490 980 1564 caerimonias,
995 1512 1084 1575 quas
1096 1493 1244 1563 incesta·

137 1598 255 1655 verant
281 1593 460 1670 mentibus,
486 1592 586 1656 etiam
617 1593 817 1674 corporibus
846 1593 1064 1676 impiabant!
1106 1600 1144 1662 4.
1167 1599 1243 1664 Hos

136 1694 196 1760 ille
210 1694 392 1761 Phalaris⁸
411 1697 445 1759 in
467 1694 585 1759 amicis
605 1693 764 1773 habebut,
778 1695 813 1759 bi
833 1695 869 1760 in
891 1695 1001 1761 oculis
1023 1696 1126 1781 ejus'.¹
1144 1709 1241 1786 atque

138 1800 241 1864 etiam
255 1799 291 1863 in
303 1799 432 1879 osculis
446 1805 562 1864 eraut:
584 1817 647 1863 nec
663 1797 797 1882 injuria,
813 1800 973 1882 aquibus
993 1807 1048 1864 tot
1069 1802 1174 1868 simul
1188 1825 1240 1870 ro-

136 1905 207 1968 tiva
223 1903 436 1985 veniebantp
458 1921 561 1968 avaro
573 1900 717 1965 divitum
731 1903 839 1984 bona;
861 1909 1001 1973 cruento
1015 1903 1238 1972 innocentium

136 2027 259 2092 poena3
282 2007 388 2091 impio
401 2005 575 2090 religionis
589 2003 736 2088 injuria!

179 2110 271 2176 Gar.
295 2127 399 2180 xxx.
439 2110 473 2175 1.
493 2108 647 2175 Tandem
669 2109 703 2174 iu
724 2126 786 2173 nos
808 2108 932 2174 oculos
950 2108 1048 2175 Deus
1068 2112 1236 2192 retulitet

167 2306 181 2329 ⁸
200 2297 331 2347 lineatim.
522 2293 665 2345 ‘Vincula
919 2303 935 2336 r
955 2293 1111 2346 ΝΜ.

166 2371 178 2404 ¹
196 2363 245 2412 Per
255 2377 312 2426 psas
321 2367 359 2411 sor
367 2375 407 2411 res
415 2358 577 2426 optatissimus
586 2360 658 2410 sinai
667 2358 859 2424 maistr-
919 2367 932 2391 '
951 2359 1065 2410 Violatic.

603 2497 659 2518 ΟΜ
665 2495 783 2521 'boum

133 2608 242 2653 nutroaa
249 2615 259 2657 ,·
277 2600 393 2650 liberari.
410 2597 534 2648 turbatis
546 2602 666 2647 matrona.
697 2597 771 2657 Mor,
782 2597 856 2646 niun
864 2594 1007 2659 pomaeo
1016 2596 1114 2648 mulieri
1126 2597 1236 2661 Gnelpb.

133 2673 181 2717 —3
201 2669 290 2717 &ilex
303 2668 532 2715 Sebastenorum
544 2664 658 2718 contenti,
675 2663 749 2711 avitis
759 2664 871 2726 spoliasse
882 2662 1036 2725 patrimoniis
1042 2679 1053 2720 ,·
1065 2663 1133 2712 Exc.
1142 2665 1235 2714 Soban-

133 2728 193 2781 lror.
205 2733 310 2782 contenti
319 2735 417 2780 miseros
427 2731 509 2784 aaitis,
520 2732 561 2792 lfa.
589 2730 664 2788 Mox,
678 2728 739 2776 cdd.
749 2737 816 2777 verr.
827 2743 880 2775 nra
891 2725 1021 2785 minuatis
1030 2743 1041 2784 ,·
1051 2729 1113 2777 Ver.
1125 2730 1234 2780 Puteau.

132 2801 203 2848 delet
215 2802 248 2848 ira
283 2799 366 2846 Paulo
374 2807 441 2860 post,
452 2810 498 2857 pro
504 2794 596 2856 jroerra,
607 2794 676 2858 qnod
689 2808 779 2842 onraes
790 2793 867 2842 codd.
879 2792 1112 2852 exbibeutssaera
1123 2795 1236 2859 reposuit

133 2865 218 2913 Lirin.
243 2869 444 2912 contactamarrrrs
456 2861 640 2908 Vet.Prrtean.
664 2859 800 2923 corporibus
813 2857 971 2922 inquinabant
989 2858 1051 2907 edd.
1067 2868 1135 2910 vett.
1161 2861 1235 2911 cist·

129 2928 231 2995 piabant
242 2931 303 2978 Vct.
315 2931 428 2978 Patara.
439 2935 467 2976 et
476 2927 542 2976 Eae.
552 2925 698 2976 Schnnbov.

629 3053 737 3105 NOTAE

131 3175 179 3226 per
191 3162 216 3210 in
229 3159 366 3210 Chronico.
701 3150 829 3214 episcopi,
838 3150 1146 3203 cnmiiscommunicare
1158 3155 1235 3206 noluit

162 3246 174 3272 ⁶
193 3239 289 3302 Vidua]
308 3239 415 3288 Mortuo
427 3234 575 3298 Delphidio.
703 3231 735 3279 b.
747 3229 908 3278 Ambrosias.

162 3316 175 3352 θ
190 3318 323 3366 Accusator
333 3313 452 3376 merdas]
469 3311 583 3361 Idaliam
594 3310 661 3372 epia·
733 3316 745 3342 θ
763 3307 925 3370 capitalibus]
942 3307 974 3356 ld
994 3315 1047 3372 est,
1064 3309 1110 3360 obi
1128 3311 1164 3362 (le
1180 3327 1235 3362 stirs·⁴

130 3409 222 3458 copam
234 3392 333 3453 innuir;
345 3406 405 3439 mox
417 3391 484 3439 enim
497 3388 587 3438 addit:
600 3387 660 3452 ‘qni
702 3398 757 3434 rum
767 3386 855 3448 capite
866 3393 997 3446 ageretur.

128 3470 273 3523 nominibus
289 3470 432 3528 antistites,
450 3481 477 3515 re
494 3479 557 3514 vera
572 3473 659 3513 autem
732 3461 743 3496 ¹
756 3463 859 3528 Frena]
869 3462 1233 3528 apportasse-cumeneo·

129 3548 275 3603 satellites!
309 3546 423 3596 Idalium
441 3551 528 3593 autem
545 3541 604 3589 ideo
615 3556 659 3589 rx·
700 3537 747 3589 (lat
758 3539 907 3588 bivineins?

129 3626 347 3680 communicatum
379 3627 467 3668 narnt
499 3615 659 3680 Ambrosias,
732 3617 887 3681 thalums]
912 3613 1061 3665 Phalaridis
1082 3616 1231 3682 Agrigenti.

128 3707 197 3773 quod
210 3700 368 3754 Priscilliani
378 3711 480 3747 errores
496 3695 658 3759 proscribere
698 3708 789 3743 norom
802 3695 901 3759 tyranni
919 3700 980 3742 nors
991 3693 1147 3753 crudelitas,
1159 3705 1187 3747 at
1197 3695 1231 3746 ie·

128 3799 180 3834 non
209 3789 356 3839 contentus,
376 3775 433 3840 ejas
457 3773 608 3836 sangninem
631 3771 657 3820 in
699 3769 1228 3839 roaisalicujaatyrsnuiexemplumque·

128 3859 283 3911 consistorio
296 3855 364 3919 regio
381 3859 494 3917 peteret,
505 3857 609 3897 sanctos
620 3848 656 3897 vi·
697 3849 873 3907 renti,statim
886 3847 929 3895 ille
939 3853 1068 3896 accurrat.

127 3952 170 3987 rus
180 3937 245 3986 bene
255 3935 357 3993 multos,
367 3928 537 3993 inprimisque
547 3927 574 3974 S.
585 3925 657 3974 Mar·
729 3923 742 3958 ¹¹
758 3924 789 3972 la
797 3923 941 3986 mindae]
957 3924 1036 3972 ‘Esse
1046 3925 1126 3975 alicui
1139 3927 1226 3977 iaetu·

127 4016 219 4069 tinum,
227 4020 350 4075 tanquam
361 4005 476 4069 ejusdem
486 4002 582 4053 erroris
591 4017 656 4060 reos,
697 4000 749 4064 lis‚’
758 4001 951 4057 Ciceronianus,
960 3999 1186 4066 Terentianasque
1193 4004 1225 4052 lo-

129 4090 198 4155 apud
210 4091 393 4152 imperatorem
405 4087 547 4131 accusaret.
579 4077 656 4130 Quod
697 4078 793 4141 qaendi
816 4077 906 4127 modas
928 4091 976 4140 pro
998 4077 1098 4127 ‘amari
1124 4075 1227 4138 unice3'

127 4168 233 4217 sevitie
243 4165 390 4225 exemplum
399 4174 457 4210 cnm
466 4156 548 4212 secati
558 4162 657 4212 essent,
697 4152 787 4203 ‘esse'
806 4168 866 4201 vero
882 4153 925 4201 ‘in
937 4151 1051 4218 osculis,'
1062 4154 1108 4205 ubi
1121 4164 1222 4221 pratar-

126 4258 161 4296 ex
170 4244 200 4293 iis
210 4244 253 4309 qui
264 4243 290 4290 iu
299 4238 408 4290 Maximi
417 4238 474 4287 aula
482 4239 557 4284 erant
567 4233 655 4297 plnres
695 4248 726 4283 ea
737 4234 839 4298 legatur
848 4232 917 4289 baad
925 4232 989 4283 scio.
