2730 4726
129 294 217 361 ltus
636 313 726 360 vrrs

128 477 245 525 eornm
269 456 388 520 luxum
411 462 446 521 et
469 455 653 534 mollitiem,
676 457 738 522 sed
760 474 797 523 se
820 459 932 542 ipsum
956 478 1122 528 accusate
1143 465 1241 549 quod

124 580 188 627 eos
202 560 326 624 imitari
341 576 408 623 non
424 567 552 643 posset.
589 559 805 626 Mamertinus
821 565 939 627 consul
954 564 1138 646 gratiarnm
1153 569 1229 632 acti-

128 684 228 730 onem
249 663 318 746 agit
336 664 528 747 imperatori
550 682 611 748 pro
631 665 809 732 consulatu
825 684 927 750 quem
942 667 1006 732 hoe
1023 687 1116 734 anno
1131 673 1230 752 gessit

128 787 206 832 cum
222 766 361 832 Navita.
391 766 547 831 Julianus
560 765 784 833 Athanasium
798 770 833 833 in
847 768 985 835 exilium
1000 774 1120 850 mittit,
1136 773 1229 838 Aria·

127 871 181 934 nis
203 869 253 934 ita
276 868 546 953 deprecantibus.
591 871 795 937 Christianos
811 868 1000 939 liberalium
1015 877 1139 940 artium
1154 877 1228 941 doe

128 979 221 1038 tores
248 973 297 1036 ita
326 971 523 1052 insectatur,
550 980 587 1038 ut
609 975 853 1054 Prohaeresius,
878 979 1034 1060 quamvis
1058 981 1095 1042 in
1121 980 1229 1043 edicto

127 1076 329 1140 nominatim
364 1085 536 1159 exceptus,
575 1077 764 1155 Musonius,
797 1087 832 1142 et
868 1079 1001 1144 Marius
1030 1080 1229 1147 Victorinus

128 1179 278 1244 scholam
301 1179 515 1246 deseruerint.
560 1179 785 1247 'lhemirtinm
801 1200 883 1248 vero
906 1183 1160 1268 philosophum,
1176 1187 1228 1250 Li·

127 1283 266 1347 baninm
289 1282 485 1366 sophistam,
500 1283 706 1358 Oribasium,
721 1280 964 1367 Pergamenum
975 1288 1150 1369 quendam
1165 1310 1228 1353 me·

128 1386 255 1465 dicum,
282 1385 470 1450 Maximum
493 1389 661 1471 cynicum,
685 1386 883 1452 Eoeboliunt
910 1389 1112 1472 sophistam,
1133 1393 1227 1456 alios

127 1509 194 1572 que
217 1489 330 1571 impiae
352 1489 551 1571 gentilitatis
575 1489 784 1572 professores
809 1492 950 1556 summis
974 1492 1161 1559 honoribus
1183 1496 1227 1558 in·

128 1591 241 1673 uiguit.

185 1780 228 1847 A.
246 1782 289 1848 U.
299 1782 338 1850 C.
357 1798 494 1883 nexui·
525 1783 652 1850 Christi
667 1796 854 1849 eeenxrrr.
884 1784 1013 1853 Julieni
1029 1786 1119 1873 lurp.
1139 1800 1181 1853 rt.

551 1888 655 1952 AEtat.
671 1902 807 1951 xxxrr.

169 2020 327 2087 Julianus
352 2038 405 2087 1v.
429 2023 557 2100 consul,
576 2023 686 2088 ascito
711 2017 746 2086 in
773 2018 938 2106 collegam
956 1996 1141 2103 Sallustio,
1159 2024 1227 2092 ido

126 2129 237 2192 lorum
260 2128 354 2192 cultu
379 2127 444 2191 sibi
469 2124 757 2211 conjunctissimo,
772 2135 852 2212 post
868 2127 1020 2211 hyemem
1034 2125 1228 2195 Antiochia

126 2236 341 2307 transactam,
357 2230 465 2312 pridie
481 2226 599 2293 Nonas
619 2228 760 2294 Martias
783 2228 859 2294 iude
881 2230 1062 2312 digressus,
1077 2226 1227 2316 Euphra·

126 2337 191 2395 tem
208 2331 335 2414 trajicit
351 2346 418 2395 vn.
442 2330 525 2395 Idus
541 2330 682 2414 Aprilis,
698 2339 732 2397 et
746 2333 886 2397 urbibus
908 2333 1040 2416 aliquot
1062 2336 1096 2398 in
1116 2338 1229 2401 itinere
1274 2372 1275 2379 κ

126 2435 340 2516 expugnatis,
356 2432 611 2517 Ctesiphontem
627 2435 796 2518 pervenit:
819 2436 877 2498 ubi
897 2450 976 2499 cum
998 2452 1117 2518 pugna
1141 2458 1227 2503 com·

125 2537 233 2600 misse
247 2542 335 2602 esset
350 2540 471 2621 ipsein
486 2539 679 2621 promiscua
693 2541 791 2604 turba
804 2539 927 2621 sagitta
942 2540 1164 2620 transfoditur
1179 2556 1227 2604 vr·

126 2636 207 2704 Kal.
234 2640 307 2705 Jul.
353 2640 385 2707 A
414 2660 482 2725 qno
508 2660 588 2707 vero
617 2644 812 2708 uulneratus
841 2642 941 2706 suerit
970 2642 1005 2704 in
1036 2642 1141 2707 dnbio
1170 2652 1228 2707 est.

127 2742 249 2807 Utrum
271 2763 292 2808 a
313 2744 422 2810 Persa
446 2744 626 2829 transfuga,
650 2750 688 2809 ut
711 2752 764 2809 est
785 2745 819 2808 in
834 2745 990 2828 Epitome
1006 2743 1174 2824 Victoris,
1188 2764 1228 2810 an

126 2848 170 2911 ab
185 2866 251 2911 nno
266 2867 284 2911 e
299 2850 379 2926 suis,
395 2854 433 2914 ut
449 2851 496 2914 ait
510 2847 722 2926 Amn'tianhs,
745 2867 788 2914 un
810 2868 831 2911 a
855 2847 1057 2925 Christiano,
1073 2855 1113 2912 ut
1127 2850 1228 2914 habet

127 2950 300 3028 Libanius,
323 2971 367 3016 an
390 2972 412 3016 a
435 2954 597 3018 Daemoue
621 2954 713 3036 ipso,
738 2959 776 3017 ut
799 2950 901 3016 tradit
923 2951 1083 3016 Callistus
1099 2952 1123 3017 J
1127 2952 1227 3016 eliani

127 3055 276 3132 satelles,
300 3057 358 3139 qni
378 3056 450 3139 ejus
471 3056 525 3121 res
545 3065 660 3140 gestas
685 3058 830 3123 carmine
852 3055 987 3119 heroico
1011 3057 1227 3139 conscripsit,

127 3175 171 3220 an
187 3159 230 3222 ab
247 3160 385 3240 angelis,
402 3168 440 3224 ut
454 3161 553 3225 refert
564 3159 746 3242 Gregorius
769 3159 1017 3233 Nazianzenus,
1034 3176 1077 3221 an
1094 3158 1226 3222 demum

127 3259 329 3327 aMercurio
353 3272 505 3348 martyre,
525 3271 563 3328 ut
582 3249 817 3329 Damascenus
841 3260 962 3325 asserit
984 3279 1028 3322 ex
1053 3259 1225 3338 Helladis,

127 3365 181 3427 cui
196 3366 325 3429 socium
341 3364 529 3431 Arteminm
544 3375 720 3450 martyrem
738 3364 831 3429 addit
846 3360 1076 3446 Nicephorus.
1115 3363 1225 3437 Certe,

125 3467 235 3549 inquit
250 3467 429 3549 Gregorius
445 3469 695 3546 Nazianzenus
718 3467 839 3531 vulnus
860 3467 1015 3530 universo
1040 3468 1112 3530 orbi
1139 3466 1226 3531 salu·

126 3575 196 3634 tare
206 3568 364 3634 Julianus
380 3572 532 3654 accepit;
551 3570 684 3655 hacque
699 3573 806 3634 morte
821 3569 864 3632 iis
879 3569 1045 3642 omnihus,
1063 3588 1153 3651 quos
1170 3589 1227 3654 per

127 3691 291 3738 summam
307 3673 535 3740 crudelitatem
558 3674 779 3754 interfecerat,
796 3673 913 3737 litavit.
958 3671 1067 3736 Simul
1083 3691 1127 3735 ac
1142 3692 1226 3737 mor·

128 3776 223 3843 tifero
244 3771 377 3844 vulnere
401 3780 589 3845 sauciatum
610 3797 648 3843 se
672 3777 790 3854 sensit,
813 3779 994 3859 exceptum
1009 3775 1112 3857 plena
1128 3795 1226 3838 rnanu

127 3881 320 3966 sanguinem
336 3883 371 3947 in
393 3882 515 3948 ooelum
537 3882 740 3968 projiciens:
764 3876 940 3956 ‘Vicisti,'
963 3879 1088 3960 inquit,
1109 3879 1225 3944 ‘Gali-

125 3982 191 4048 laee
201 3983 220 4047 :’
235 3987 284 4050 sic
301 3984 469 4051 Christum
484 4005 546 4070 per
558 3985 739 4049 ludibrium
753 3981 959 4066 appellabat.
1004 3980 1059 4045 Ita
1071 3980 1225 4046 Theodo-

127 4090 229 4150 retus.
264 4087 319 4167 Et,
337 4089 521 4154 ‘saturare
538 4087 740 4152 Nazaoene'
776 4084 830 4149 lta
845 4082 1068 4167 Nicephorus.
1102 4084 1227 4148 Statim

129 4190 273 4257 ‘relatus
289 4192 322 4257 in
338 4198 454 4260 ¹castra
475 4190 586 4258 hiante
605 4190 706 4257 latius
728 4187 864 4258 suffossi
888 4187 1002 4252 lateris
1027 4187 1176 4266 vulnere,
1196 4193 1228 4252 et
