2730 4726
127 278 216 346 luti
454 288 616 339 uranu
640 288 911 341 renueremus

126 442 247 525 ligatur
259 455 328 503 non
340 435 508 520 ingentior
520 454 608 511 esse,
622 455 724 520 quem
744 436 867 501 verior.
910 433 996 522 Nee
1008 454 1091 504 vero
1104 440 1232 507 medio·

127 544 244 610 cribus
257 540 357 607 bonis
371 538 528 623 gaudent,
544 542 605 625 qui
616 538 796 605 exultandi
808 536 946 605 modum
961 561 1030 607 non
1042 540 1199 609 babent*

173 642 264 710 Gar.
282 659 326 707 ιι.
367 643 401 706 l.
424 641 577 707 Fmimur
594 662 657 707 nos
679 641 817 727 quidem
839 645 1057 726 presentium
1080 648 1234 714 maxima

128 745 315 831 voluptate,
337 743 398 809 sed
420 744 631 810 lenocinatur
653 744 709 808 bis
726 744 801 828 jam
823 743 927 810 futuri
947 748 1059 827 ratiu;
1082 757 1131 827 et,
1154 769 1231 834 qum

128 849 334 933 temporibus
358 842 560 931 dispnruta‘¹
581 855 671 927 sunt,
694 849 882 914 animorum
899 850 1145 932 praesumtione
1155 853 1234 935 jun·

128 958 274 1037 guntur!
306 949 339 1014 2
356 947 523 1029 Quintum
538 948 704 1015 decimum
720 957 863 1014 annum·
875 951 1045 1015 maximus
1060 952 1232 1039 Princeps

130 1053 288 1119 salubris
303 1052 437 1137 imperii
460 1052 562 1136 degit,
584 1051 644 1118 sed
669 1072 869 1135 auguramur
883 1053 957 1137 jam
979 1053 1187 1136 vicennalia,
1200 1062 1233 1122 ei

127 1157 260 1222 venturi
282 1155 383 1221 fidem
401 1156 609 1240 superiorum
638 1153 800 1221 felicitate
823 1156 1025 1220 sancimus!
1065 1156 1105 1221 8.
1127 1155 1232 1237 Quin·

127 1260 308 1346 quennalia
335 1260 604 1324 beatissimorum
627 1258 801 1324 Caesarum
825 1266 1015 1341 occupatos
1039 1260 1077 1323 in
1098 1260 1231 1343 gaudiis

128 1362 264 1441 bubeut,
282 1362 394 1428 sedin
418 1361 596 1427 destinatis
619 1362 791 1428 decenniis
804 1361 878 1445 jem
901 1369 983 1427 rota
1002 1364 1232 1447 properantia,

127 1473 164 1532 et
191 1486 270 1551 spes
295 1466 451 1530 volucres
473 1466 704 1530 constiterunt
746 1464 881 1530 Horum
905 1462 1027 1529 dehinc
1054 1474 1232 1550 compotes

128 1569 393 1654 propagabimus
415 1567 575 1651 optabilis
597 1568 679 1633 boui
704 1568 835 1634 seriem.
877 1571 911 1632 4.
932 1567 988 1633 Ita
1008 1568 1137 1647 omnia,
1155 1589 1230 1654 qum

129 1690 174 1736 ex
189 1668 409 1752 Principibus
423 1670 547 1735 nostris
570 1690 730 1756 prospere
746 1670 895 1746 veniunt,
911 1670 1133 1735 continuatos
1146 1672 1228 1736 fruc·

129 1778 185 1837 tus
204 1769 326 1849 ierunt,
351 1791 412 1838 nec
438 1774 546 1856 mugis
567 1780 705 1857 recepte
726 1772 906 1851 delectant,
927 1792 1029 1858 qnam
1046 1782 1229 1857 expectate

124 1874 294 1958 juverunt.
336 1875 369 1942 5.
391 1874 516 1940 Verum
533 1876 616 1960 quid
631 1875 774 1959 agimus,
783 1874 923 1952 vicenis,
933 1881 993 1940 sut
1001 1873 1077 1959 jam
1092 1878 1228 1942 tricenis

129 1979 227 2044 annis
245 1979 561 2058 circumscribendo,
585 1997 665 2065 quen
690 1984 814 2045 esterna
834 1978 1022 2043 sentimus'l
1047 1975 1227 2065 Amplioru

160 2162 1100 2228 ‘Etommnirboeirloemtrr,qrilaetitiaemnndrumpmt.

161 2230 363 2279 ‘Jundisrine
379 2231 593 2294 mensuri-er
607 2230 674 2279 toria
688 2229 904 2292 prendimus
920 2229 1149 2289 trajanus-ten
1163 2230 1226 2281 addit

124 2294 266 2354 futurem
275 2309 327 2356 sper
337 2301 459 2358 oeeepotu,
469 2301 494 2344 et
505 2311 557 2358 quo
568 2301 697 2357 tempores·
707 2295 831 2344 ἐπίοι-ιώ
840 2295 943 2344 simu«
952 2302 1017 2344 esst.

131 2357 228 2474 uxi:
238 2359 376 2420 judicarunt
396 2375 427 2409 er
437 2360 558 2420 felicitate
571 2361 679 2424 priorum
693 2365 832 2424 temporum,
843 2361 901 2424 quid
915 2363 943 2408 ir
952 2359 1068 2420 fetum
1083 2375 1181 2424 sperare
1190 2361 1226 2409 de·

581 2503 764 2526 ΝΜΜΜΟ

130 2601 202 2652 Gnd.
212 2602 300 2652 Mori.
313 2601 431 2652 Rbensu.
445 2602 536 2652 iudicia
548 2605 761 2668 mogum-s
778 2603 892 2667 Guelpb.
911 2603 977 2652 bouis
990 2605 1119 2668 gauderet,
1136 2605 1227 2669 impro-

131 2667 209 2718 bante
219 2666 312 2719 Arete.
338 2670 380 2717 red
391 2670 522 2718 rumenti
534 2670 621 2720 Moeri.
631 2669 795 2733 improbante
805 2669 822 2720 J
825 2683 921 2732 agero.

162 2733 232 2783 Cer.
250 2748 281 2784 ιι.
308 2737 321 2783 l
340 2733 456 2782 Frsimar
465 2735 559 2796 quidem
571 2750 615 2784 nor
631 2735 692 2783 edd.
707 2743 770 2783 ente
782 2733 873 2783 Arntz.
903 2733 934 2783 F.
945 2748 987 2781 ror
995 2733 1092 2796 pride·
1104 2732 1168 2783 Vet.
1179 2734 1226 2783 Pu·

128 2805 200 2849 tenn-
211 2806 239 2848 el
249 2797 319 2851 ond.
345 2799 491 2861 dirrepurutn
504 2804 560 2848 sunl
572 2800 690 2849 Rbeusn.
707 2799 798 2861 Stepb.
814 2798 891 2848 Grut.
906 2798 990 2848 Puris.
1001 2797 1123 2849 Puturol.
1134 2800 1228 2850 Cellrr.

128 2866 252 2927 disparata
263 2869 318 2914 runt
331 2863 392 2912 Vet.
403 2864 517 2914 Putesn.
528 2865 589 2913 Ver.
602 2865 795 2914 Livin.Bertin.
806 2864 877 2914 Gud.
889 2872 916 2912 et
928 2864 1016 2912 Moerl.
1026 2865 1159 2925 probante
1173 2865 1229 2915 Ari·

127 2928 230 2979 deb-2
246 2931 371 2979 Maximus
379 2929 488 2993 princepe
498 2930 611 2979 saturo·
621 2931 715 2994 imperii
725 2944 813 2979 ausser
825 2929 926 2978 Bertiu.
943 2945 985 2990 sp.
1002 2929 1089 2979 Lirin.
1108 2928 1228 2989 felicitate

126 2994 241 3044 memo
254 2995 369 3044 Rbensn.
379 2994 472 3058 Stepb.
492 2994 576 3044 Lirin.
594 2997 679 3044 Ririn.
694 2996 728 3046 tl.
743 3002 805 3043 unte
817 2994 896 3045 Gmt.
911 2994 937 3052 s.
948 2995 1073 3044 murinus
1082 2996 1188 3045 Berriu·
1205 2995 1228 3055 s·

127 3059 245 3108 moruus
265 3060 325 3108 Vet.
348 3059 432 3108 bivio.
454 3060 561 3120 cuspin.
584 3061 663 3111 (itur.
690 3069 718 3109 et
747 3068 859 3110 recentt.
878 3059 905 3119 s.
925 3061 1059 3108 summm
1081 3060 1229 3124 Guelpb.-

128 3128 145 3174 8
161 3123 229 3174 Guel
250 3124 273 3172 b.
285 3132 385 3173 mutsto
396 3124 498 3183 ordine,
506 3126 548 3174 red
558 3125 612 3186 jum
627 3127 654 3175 is
667 3125 795 3175 destinatio
803 3125 924 3174 &cmiii
935 3131 998 3173 notu.
1010 3125 1131 3174 Rbeuen.
1141 3126 1229 3189 steph·

128 3188 213 3247 Lirin.
226 3139 313 3240 llirln.
325 3192 358 3240 el.
371 3197 436 3239 vett.
451 3193 556 3240 colmes
565 3194 755 3250 errrutitueruut,¹
766 3191 868 3241 Bertin.
879 3189 1109 3254 Cuspin.Grnt.er
1117 3200 1229 3242 recena.

625 3321 733 3372 NOTAE

160 3414 322 3480 insperata
341 3415 514 3482 [disseparata]
546 3417 586 3467 An
609 3418 656 3468 dir·
699 3418 752 3468 rico
778 3417 902 3480 carmine,
928 3415 996 3482 quod
1012 3417 1061 3466 boc
1083 3417 1143 3481 ipso
1166 3433 1229 3468 euno

125 3491 237 3559 pontu?
262 3500 291 3543 ut
316 3494 471 3545 Viennensis
497 3495 576 3545 babet
603 3496 657 3545 edi·
698 3494 795 3545 Christi
807 3497 865 3543 821.
881 3507 969 3542 corum
981 3492 1158 3545 Constantino
1174 3511 1230 3561 pru·

130 3573 177 3623 tio.
698 3571 836 3627 nuntiarit,
847 3570 919 3634 eujm
930 3567 1080 3634 fragmenta
1091 3586 1174 3634 opera
1186 3574 1229 3622 Pi·

161 3648 307 3706 ‘Quintum
328 3647 443 3698 decimum
463 3647 563 3713 aarum]
589 3649 657 3700 Con·
698 3648 760 3698 tboei
779 3648 806 3696 iu
821 3648 906 3696 lucem
919 3647 1017 3696 exiere.
1049 3646 1149 3710 Itaque
1161 3650 1187 3698 in
1200 3663 1228 3696 eo

130 3728 253 3778 currebat
266 3729 306 3776 15.
332 3725 657 3777 constentiniaunurcum
699 3725 823 3787 carmine,
854 3725 974 3772 ‘Sancte
1000 3723 1106 3781 Peter,'
1136 3726 1229 3790 inquit,

129 3804 259 3854 Ceratum
270 3803 510 3868 quinquennalibus.
544 3804 602 3853 Mos
614 3819 657 3853 nu·
698 3803 805 3852 ‘rector
818 3814 950 3865 superum,
962 3799 1082 3848 vicennis
1102 3801 1167 3851 laeta
1180 3803 1230 3851 Au·

128 3889 181 3932 tem
193 3888 261 3942 eret,
273 3888 301 3930 ut
313 3880 338 3929 lu
351 3880 582 3944 quinquennalibus
598 3888 658 3929 vota
699 3889 783 3944 gusto,
807 3888 834 3931 et
854 3880 942 3930 decies
967 3889 1090 3930 crescant
1112 3881 1231 3931 solennis

128 3958 234 4024 publice
256 3972 302 4021 pro
322 3957 517 4013 decennalibus,
545 3957 657 4006 decimo·
697 3957 783 4007 netis!
809 3954 927 4020 idipsum
939 3965 1043 4007 constet
1054 3973 1088 4007 ex
1099 3954 1230 4010 sexcentis

128 4037 218 4102 quinto
227 4043 362 4084 ennovote
371 4049 417 4098 pro
426 4034 603 4083 vicennalibus
612 4033 657 4082 ob·
698 4035 816 4099 nummis,
838 4049 928 4086 votus.
948 4051 977 4086 x.
996 4049 1081 4086 srvnn.
1101 4046 1129 4086 et
1152 4051 1229 4089 vome

128 4112 241 4161 tineudir
253 4110 434 4171 funderentur,
451 4119 479 4160 ut
496 4109 657 4174 Porphyrius
699 4122 749 4161 xx.
761 4111 786 4160 id
799 4118 848 4167 est,
865 4113 952 4160 ‘votis
963 4112 1149 4164 decennalibus
1166 4116 1229 4165 mul·

130 4187 207 4254 polita
219 4188 316 4239 diserte
328 4195 439 4239 testatur
451 4189 477 4239 iu
495 4202 527 4238 eo
544 4200 658 4253 panegy·
700 4185 752 4252 tis,'
762 4190 768 4214 ‘
777 4188 843 4238 votis
856 4187 1049 4239 vicennrlibus.'
