2730 4726
212 284 301 353 leto
716 303 808 353 vrrs
889 301 897 314 ·

212 454 304 514 metu
314 445 489 529 perculsus
500 447 616 513 iterum
627 446 912 514 Thessalonicam
922 447 966 515 ad
975 448 1207 516 Theodosium
1218 452 1310 536 fugit.

214 551 273 615 cui
287 548 423 634 quidem
446 550 584 616 tendere
605 550 641 615 iu
665 550 810 617 transitu
824 551 968 617 insidias
987 550 1165 617 Maximus
1189 552 1311 620 frustra

213 653 340 719 nititur.

236 805 279 873 A.
295 805 341 873 U.
356 806 396 874 G.
413 823 550 872 nexui.
570 805 694 872 christi
710 822 987 874 oeonxxxvur.
1007 804 1187 874 Valentio.
1205 824 1291 873 xrv.

454 909 625 975 Theodos.
640 910 730 996 Imp.
746 926 788 974 x.
811 910 916 975 AEtat.
933 926 1048 977 xh111.
1157 954 1161 966 ·

255 1027 344 1094 Gom
368 1027 584 1093 Theodosius
607 1028 793 1093 secundnm
822 1029 943 1094 consul
966 1028 1010 1094 ad
1035 1029 1162 1095 bellum
1192 1036 1314 1096 eontra

213 1128 407 1198 Maximum
421 1151 495 1196 sese
507 1139 727 1216 compararet,
751 1151 876 1196 novum
890 1132 1061 1217 quoddam
1075 1133 1195 1198 tributi
1210 1153 1313 1217 genus

212 1239 432 1307 Antiochenis
457 1239 638 1306 indixerat.
683 1239 740 1305 Illi
762 1240 961 1306 exacerbati
982 1240 1137 1307 Plaeillae
1161 1247 1313 1307 statuam

210 1363 366 1410 eversam
394 1363 456 1428 per
478 1343 657 1408 ludibrium
684 1350 829 1428 raptant,
857 1364 927 1430 qua
947 1344 1076 1429 ‚injuria
1098 1345 1312 1410 vehementer

210 1452 400 1513 commotus
413 1446 638 1525 Theudosius,
663 1447 780 1512 missis
798 1449 872 1534 jam
886 1447 944 1533 qui
968 1467 1092 1532 poenas
1114 1453 1312 1532 expeterent

211 1550 387 1627 militibus,
403 1549 558 1614 Flaviani
571 1548 852 1616 Antiochensium
877 1550 1037 1634 episcopi
1051 1551 1163 1615 suncti
1185 1557 1222 1616 et
1237 1569 1311 1634 pru-

211 1651 320 1717 dentis
344 1652 407 1718 viri
435 1652 606 1736 legatione
635 1654 803 1739 placatur.
857 1653 997 1719 Interim
1022 1652 1203 1718 Maximus
1229 1659 1309 1730 tola,

209 1763 337 1840 praeter
351 1754 635 1821 Mediolanensem
651 1759 765 1822 urbem
780 1776 881 1841 quam
896 1756 1122 1840 episcopi-sui
1137 1754 1310 1821 Ambrosii

211 1859 375 1925 sanctitas
387 1866 422 1924 et
431 1859 596 1925 industria
607 1861 764 1939 servavit,
773 1865 910 1926 vastata
920 1859 1033 1938 ltalia,
1048 1861 1083 1924 in
1094 1861 1214 1925 urbem
1222 1860 1309 1942 eogi-

90 1966 94 1971 “
210 1961 315 2028 tubat.
360 1962 472 2043 Quare
481 1962 697 2028 Theodosius
713 1963 914 2029 Sanctorum
927 1962 1151 2046 inprimisque
1166 1962 1190 2028 J
1194 1963 1308 2027 oannis

210 2063 436 2133 Anachoretee
459 2084 501 2132 ac
531 2064 692 2150 Senuphii
722 2064 879 2150 precibus
905 2070 1093 2131 commotus
1116 2064 1305 2150 Aquileiam

210 2168 392 2234 contendit.
438 2167 520 2248 Hic,
543 2175 581 2236 ut
600 2169 649 2234 ait
663 2170 833 2248 Socrates,
850 2167 996 2234 Maximi
1010 2170 1198 2234 exercitum
1214 2169 1306 2252 plene

211 2267 303 2335 delet
319 2287 371 2334 vl.
387 2269 470 2337 Kal.
486 2272 583 2355 Sept.
598 2291 744 2357 eumque
757 2277 898 2355 captum
909 2281 945 2336 et
959 2290 981 2336 a
993 2269 1185 2336 Theodosii
1201 2271 1306 2338 oculis

211 2371 396 2438 abductum
411 2375 488 2439 irati
502 2376 624 2440 milites
648 2375 747 2458 regiis
762 2375 964 2439 ornamentis
980 2384 1108 2438 exuunt
1128 2383 1162 2440 et
1187 2375 1306 2440 interfi-

210 2475 306 2541 ciunt
320 2478 419 2542 tertio
435 2480 478 2543 ab
495 2477 655 2562 Aquileia
668 2479 837 2557 milliario,
850 2477 930 2543 Kal.
945 2476 1033 2560 Aug.
1058 2475 1181 2543 Victor
1197 2478 1305 2543 Maxi·

209 2581 256 2645 mi
281 2579 372 2645 filius
400 2581 492 2647 haud
516 2583 621 2647 multo
648 2589 725 2666 post
748 2601 808 2671 per
832 2582 1058 2664 Arhogastem
1084 2580 1254 2646 Comitem
1276 2583 1306 2644 in

209 2681 335 2748 Galliis
348 2685 522 2750 occiditur.
547 2685 603 2751 Ita
618 2687 790 2751 Zosimus.
827 2683 1079 2767 Andragathius
1092 2683 1167 2768 ejus
1180 2703 1305 2760 eomes,

209 2787 271 2868 qui
299 2787 415 2851 fretum
446 2789 578 2854 Ionium
604 2790 738 2854 tenebat
767 2809 844 2854 curn
873 2790 997 2872 ingenti
1030 2788 1155 2867 classe,
1191 2787 1306 2854 audita

208 2885 357 2956 Maximi
371 2912 465 2971 nece,
477 2912 552 2958 sese
567 2893 776 2977 praeeipitem
790 2894 825 2957 in
840 2911 931 2956 mare
944 2892 1048 2956 misit.

231 3081 276 3151 A.
292 3083 559 3152 U.C.nex1.11.
602 3087 725 3153 christi
740 3101 986 3153 ooonxxxrx.
1029 3083 1204 3151 Valentio.
1222 3101 1288 3151 xv.

444 3190 632 3257 Theodosii
647 3191 735 3276 [mp.
751 3207 809 3256 xi.
850 3191 958 3255 AEtat.
976 3205 1083 3254 xnlv.

251 3308 463 3376 Theudosius
487 3313 683 3378 Mediolano
706 3313 876 3396 digressus
898 3331 974 3375 cum
1005 3308 1253 3376 Valentiniano
1274 3316 1307 3375 et

209 3411 366 3480 Honorio
381 3416 452 3482 filio
468 3439 532 3483 sno
552 3419 731 3499 admodum
753 3418 978 3495 adolescente,
999 3434 1097 3499 quem
1117 3414 1305 3481 Constanti-

208 3519 325 3603 nopoli
343 3539 416 3582 eam
432 3522 560 3585 obrem
576 3520 621 3584 ad
637 3542 674 3585 se
688 3525 856 3596 evocarat,
868 3520 976 3583 victor
990 3517 1175 3597 ingreditur
1192 3519 1306 3584 Idibus

208 3618 233 3685 J
237 3622 302 3685 unii
316 3641 324 3685 τ
349 3620 583 3687 Valentiniano
597 3643 665 3686 non
682 3624 817 3688 Italiam
833 3622 934 3686 modo
950 3641 1052 3706 quam
1067 3626 1235 3693 tenuerat,
1249 3623 1304 3686 sed

208 3730 244 3790 et
258 3723 399 3800 Gallias,
415 3725 617 3809 Hispanias,
625 3727 886 3809 Britanniasque
895 3744 1023 3802 omneS,
1032 3743 1119 3807 ques
1134 3725 1213 3808 ipse
1230 3746 1303 3790 nun·

210 3848 324 3912 quam,
347 3829 407 3895 sed
431 3830 498 3894 soli
523 3839 620 3914 pater
645 3851 797 3915 avusque
818 3826 1124 3903 beonetsetena
1148 3830 1303 3892 restituit.

205 3929 281 3997 Hic
295 3931 435 3998 Latinus
452 3934 603 3998 Pacatus
616 3936 799 3998 orationem
817 3932 1047 4015 panegyricam
1064 3929 1185 3993 victori
1200 3930 1303 3994 Theo·

206 4035 309 4100 dosio
339 4037 441 4101 dixit.
485 4038 640 4104 ‘Iustina
669 4037 805 4116 autem‚'
837 4035 1070 4100 Valentiniani
1098 4044 1220 4113 mater,
1247 4042 1303 4098 ‘ue

206 4156 343 4219 regnum
360 4160 437 4204 eum
452 4139 524 4206 filio
540 4143 711 4226 reciperet,
726 4148 832 4206 morte
854 4146 1027 4223 praeventu
1042 4138 1117 4204 est.'
1161 4138 1304 4224 Prosper

208 4237 540 4323 Pithoei,Souomeu.
1120 4253 1124 4259 “
