2730 4726
478 313 717 365 rraxrurrno.
757 314 816 362 ιιι.
833 298 886 363 13.
1146 298 1233 366 1219

130 459 334 528 beatissimae
354 457 406 522 illi
426 477 486 542 per
508 477 569 523 eos
585 457 657 523 dics
674 457 977 523 Mediolanensium
994 457 1123 523 civitati
1139 459 1233 525 simi·

128 564 305 632 titudinem
328 559 520 645 majestatis
542 580 615 626 suae
639 560 778 627 libenter
798 560 1005 642 impertiens,
1026 567 1062 625 ut
1082 561 1130 626 ibi
1152 566 1232 627 tunc

128 687 203 735 esse
225 665 328 732 sedes
349 665 480 748 imperii
501 662 677 742 videretur,
692 683 759 747 quo
779 669 918 746 uterque
935 669 1066 727 venerat
1086 663 1233 746 Impera·

127 777 186 835 tor.
232 769 265 834 3.
290 768 424 834 Interim
446 773 571 842 tamen,
589 767 666 832 dum
688 767 769 833 mihi
789 773 866 830 ante
882 766 1001 830 oculos
1017 785 1106 847 pono
1123 767 1233 850 quoti·

127 871 230 936 diana
255 876 367 934 vostra
389 869 576 952 colloquia,
591 868 792 951 conjunctas
816 868 849 932 in
869 867 961 932 omni
981 886 1132 933 sermone
1153 867 1233 932 dex-

127 981 228 1050 teras,
238 973 322 1056 joca
342 970 497 1055 seriaque
518 970 771 1049 communicata,
787 971 907 1036 obtutu
927 978 1044 1035 mutuo
1061 974 1234 1035 transacta

127 1076 297 1153 convivia,
313 1076 374 1140 illa
396 1093 451 1139 me
472 1074 631 1156 cogitatio
656 1073 759 1148 subit,
777 1093 920 1155 quanam
945 1073 1045 1137 animi
1067 1073 1233 1154 magnitu-

129 1179 208 1244 dine
225 1178 268 1243 ad
285 1177 481 1247 revisendos
497 1178 666 1242 exercitus
681 1183 808 1241 vestros
818 1175 1051 1253 discesseritis,
1060 1176 1234 1258 pictatem·

128 1301 192 1364 que
218 1285 364 1345 vestram
391 1279 538 1343 utilitato
566 1279 761 1363 reipublicae
788 1279 946 1344 vicentin.
1000 1279 1033 1341 4.
1059 1277 1128 1356 Qui
1153 1285 1234 1342 tunc

127 1382 230 1449 vestri
251 1400 373 1446 sensus
394 1381 506 1445 fuere!
531 1383 589 1466 qui
614 1380 744 1448 vultus!
769 1402 870 1464 quam
894 1377 1079 1464 patientesi
1100 1380 1144 1444 ad
1166 1380 1234 1444 dis·

127 1484 355 1550 simulandum
379 1483 537 1549 indicium
567 1485 824 1567 perturbationis
857 1483 970 1548 oculi!
1014 1483 1235 1567 Respexistis

128 1587 284 1671 profecto
306 1586 455 1670 saepius:
478 1607 589 1669 neque
608 1587 681 1651 baec
702 1586 856 1651 danobis
879 1605 965 1650 vana
979 1585 1154 1668 finguntur.
1201 1586 1234 1649 5,

127 1689 232 1755 Talia
253 1690 350 1755 vobis
370 1688 511 1759 dedistis
531 1687 662 1757 ominal'
684 1689 751 1754 cito
774 1689 816 1754 ad
838 1695 1058 1772 conspectum
1079 1694 1234 1753 mutuum

129 1794 305 1858 reversuri.

171 1893 264 1958 Gar.
290 1911 381 1957 xrrr.
412 1893 443 1956 1.
466 1895 595 1959 Facilis
620 1900 670 1958 est
693 1894 773 1958 mihi
800 1891 989 1971 transitus‚¹‘
1014 1892 1236 1958 sacratissimi

129 1995 371 2080 Imperatores,
392 1996 435 2060 ab
461 1995 525 2060 hac
548 1996 688 2079 pietatis
711 2005 835 2061 vestrae
857 1997 955 2060 laude
978 1995 1022 2060 ad
1045 1993 1236 2080 praedicati·

129 2117 227 2162 onem
250 2097 432 2162 felicitatis·
478 2097 557 2161 Hoc
581 2099 666 2162 enim
686 2099 797 2181 ipsum
813 2099 987 2162 solicitatis
1000 2106 1064 2175 est,
1079 2096 1182 2180 quod,
1198 2104 1236 2160 ut

127 2200 327 2283 conspicere
356 2219 418 2266 vos
446 2201 590 2266 invicem
620 2202 864 2286 complectique
894 2201 1045 2283 possitis,
1072 2200 1107 2262 in
1133 2217 1235 2262 manu

129 2309 243 2368 vestra
271 2298 343 2368 est.¹
391 2305 424 2368 2.
448 2303 562 2368 Solem
591 2304 717 2387 ipsum,
745 2304 922 2389 lunamque
948 2304 1127 2381 cernimus,
1155 2303 1236 2385 quia

129 2570 266 2622 minu-2
279 2567 343 2618 Voc.
356 2581 407 2618 ruoe
418 2567 492 2619 deest
505 2568 531 2618 in
543 2571 608 2631 Exe-
619 2569 744 2620 Vena-3
762 2568 898 2619 Partirula
914 2572 992 2617 torreo
1006 2567 1081 2616 abest
1094 2566 1118 2616 in
1132 2567 1235 2617 Berlin.

130 2635 183 2686 Pro
193 2634 254 2696 joon
270 2633 388 2697 serioque,
400 2635 459 2685 cod.
470 2635 640 2683 Schwurzian.
656 2634 772 2698 exhibet,
792 2636 992 2696 Ocaeeoreoque.
1016 2632 1099 2682 Codd.
1118 2632 1235 2681 Schwar-

130 2701 197 2750 sian.
210 2700 275 2749 Vet.
287 2699 390 2748 Berlin.
400 2707 427 2748 et
441 2701 505 2752 Exn.
516 2700 593 2751 voss.
605 2705 726 2749 lrornuclo
736 2701 859 2749 connubio.
878 2699 992 2763 Gnelpb.
1001 2711 1161 2760 qnorumrum
1169 2711 1235 2758 mug-

129 2765 240 2816 lriludine
247 2779 258 2823 ‚⁰
276 2764 343 2814 Exn.
355 2765 431 2813 Voss.
445 2769 534 2828 quanto
551 2780 604 2813 rum
620 2765 784 2826 magnitudine
790 2781 800 2823 ,·
820 2765 888 2813 unde
902 2763 991 2813 Arntu.
1005 2763 1071 2825 conj.
1083 2767 1172 2825 quanto
1183 2776 1236 2809 cum

128 2829 436 2893 uuimimugnituriine.—d
454 2829 550 2878 Omnes
566 2839 626 2878 ante
639 2831 735 2878 Celtae.
751 2830 858 2879 edidere
872 2829 1008 2892 patientes,·
1023 2827 1143 2891 idemque
1155 2833 1195 2874 est
1210 2827 1235 2873 in

130 2897 196 2946 Erre.
212 2895 289 2944 Voss.
316 2894 466 2958 impatienter
478 2903 517 2943 est
530 2910 561 2942 ex
574 2896 639 2958 conj.
652 2895 780 2954 Poteram
797 2895 873 2943 etsie
886 2895 945 2943 edd.
962 2893 1090 2942 Sclrwarn.
1102 2898 1127 2939 et
1138 2889 1235 2952 Jaeger.

123 2959 253 3020 judicium,
271 2973 318 3021 pro
334 2959 626 3018 iudicium‚babetPitlr.
655 2957 1054 3022 RespeximiomnesnuteGrut.
1084 2955 1234 3017 Respenirlir
1298 2964 1305 2975 ·

129 3025 192 3073 Vei.
206 3025 331 3085 Puteani,
340 3025 400 3073 Vet.
412 3025 514 3073 Berlin,
527 3025 631 3088 cuspin.
642 3033 669 3073 et
679 3025 743 3074 Ere.
756 3027 831 3074 Voss.
843 3032 870 3072 et
883 3023 919 3072 rio
932 3023 999 3084 conj.
1011 3020 1163 3070 Acidini-5
1182 3019 1235 3068 Pu·

131 3091 192 3139 reol.
206 3088 325 3138 erenan.
343 3087 378 3136 H.
390 3087 482 3151 Steplr.
496 3090 584 3138 Ririn.
597 3095 622 3138 2.
640 3089 724 3137 Banu.
739 3090 868 3139 Sclrwarz.
882 3095 909 3137 et
919 3087 1018 3151 Jaeger.
1029 3085 1129 3135 dedistis
1138 3087 1235 3144 omium

131 3161 228 3204 ceterae
241 3152 411 3202 edd-dedistis
421 3153 506 3203 omniu.

162 3221 233 3269 Cur.
254 3230 317 3266 xrrr.
335 3221 347 3265 1
369 3218 433 3266 Ere.
443 3218 520 3266 Voss.
539 3224 566 3268 et
584 3217 780 3280 (inebriante
795 3215 1237 3280 predicationemomissapraeposi·

131 3283 212 3335 lione.
247 3283 314 3332 Haec
323 3281 410 3345 rerba,
424 3282 547 3334 Hocerim
557 3285 635 3348 iprum
645 3283 775 3345 felicitatis
785 3289 830 3345 eet,
841 3281 935 3332 derunt
948 3283 973 3330 iu
986 3281 1149 3344 Gnelpb.-2
1167 3280 1233 3329 Livi·

636 3415 744 3466 NO'PAE

129 3514 171 3565 eui
182 3511 291 3574 lumine,
304 3511 331 3562 id
341 3519 391 3576 ert,
402 3519 551 3564 renatorum
561 3527 664 3564 suorum
706 3521 747 3563 ert
758 3512 792 3562 de
804 3513 987 3576 imperatorum
1000 3509 1106 3572 pietate.

132 3591 302 3644 clarierinros.
737 3588 792 3638 ¹In
801 3604 872 3638 amau
882 3593 961 3637 oestro
969 3583 1018 3646 est]
1026 3585 1120 3634 Modus
1130 3585 1235 3649 loquen-

165 3668 173 3702 ¹
187 3665 326 3728 Patientis]
343 3665 546 3718 Quantomelius
558 3663 578 3712 si
590 3665 665 3726 impe‘
707 3665 731 3714 di
744 3665 813 3729 apud
833 3665 912 3714 bonor
927 3670 1045 3712 arrrtores
1057 3659 1237 3724 frequentissi-

130 3748 231 3802 mam,
245 3751 275 3795 ut
290 3744 344 3792 vult
362 3752 422 3808 port
440 3743 585 3792 Puteanum
596 3741 665 3790 Gru·
706 3757 773 3798 mus,
786 3755 834 3804 pro
844 3756 876 3791 eo
888 3740 956 3804 quod
969 3745 1009 3788 est
1021 3743 1028 3766 ⁴
1040 3752 1118 3802 penos
1127 3751 1168 3784 vos
1177 3735 1237 3784 est!

131 3822 224 3873 terne?
705 3818 805 3867 'l'ulliuu
819 3818 868 3881 Ep.
881 3829 940 3866 rrrr.
952 3819 976 3864 6.
994 3817 1000 3842 ‘
1013 3813 1090 3862 Hune
1103 3827 1159 3860 cum
1174 3811 1236 3859 velis

166 3893 665 3958 lOmina]Ilaestqurobeniannedi·
706 3893 834 3956 obligare,
853 3892 879 3942 in
904 3901 948 3940 tna
971 3904 1047 3937 marm
1070 3885 1128 3935 est!
1162 3885 1235 3935 Idem

131 3976 215 4036 tione,
231 3974 258 4022 in
279 3973 335 4022 aliie
353 3987 414 4023 vero
430 3972 523 4021 omnin:
541 3970 665 4020 utrumvis
705 3971 756 4034 Ep.
769 3983 829 4019 xrv.
840 3973 864 4018 2.
882 3969 995 4016 ‘Verum
1008 3967 1063 4012 lraec
1076 3977 1125 4010 non
1139 3969 1198 4010 sunt
1210 3963 1236 4012 in

128 4053 210 4116 elige.
706 4043 903 4095 nosnainanu!
939 4038 1237 4092 Nihilnecesseestaliu

165 4127 177 4162 ¹
195 4126 290 4178 Facilis
300 4131 335 4176 est
350 4126 409 4175 milri
424 4123 551 4188 tronritrre]
560 4123 666 4174 Transit
706 4123 792 4185 Tullii,
809 4120 936 4181 Terentii,
955 4124 982 4167 el
997 4115 1102 4164 aliorum
1117 4117 1236 4179 exempla

132 4207 168 4258 ad
190 4207 301 4256 alteram
324 4203 449 4254 orationis
473 4211 584 4266 purtem,
607 4216 665 4266 qrrae
706 4201 927 4263 buccongerere„
