2730 4726
290 329 347 376 re.
373 324 532 374 suenum
560 324 815 387 consuluntur
842 323 979 374 uacui.
1088 308 1179 375 ‘1315

28 471 31 474 ’
76 456 192 539 misso
208 474 242 538 iu
262 472 394 538 Gallias
420 471 640 537 Constantino
663 470 812 545 Caesare,
836 467 978 552 Crispus
1001 468 1079 534 inde
1100 489 1180 536 evo·

73 583 188 659 catur,
205 582 244 641 ut
256 595 330 641 oum
347 576 467 653 classe,
483 572 650 653 Amando‚
666 573 851 638 Licinianae
869 571 989 637 classis
1005 574 1178 657 praefeoto,
1218 650 1221 655 ¹

78 688 287 764 opponatur.

124 833 170 898 A.
186 830 231 896 U.
241 830 280 897 C.
296 847 480 895 unxxvu.
509 828 586 893 Chr.
604 817 787 905 cccxxiv.
821 828 934 894 Const.
951 828 1036 915 Imp.
1052 847 1138 895 xix.

540 933 642 996 AEtat.
663 947 726 995 err.

74 1041 82 1144 J
129 1053 216 1118 Cum
240 1052 381 1137 Crispos
407 1061 441 1133 et
464 1051 706 1117 Constantinus
731 1050 886 1117 Caesares
913 1054 1042 1117 tertium
1071 1058 1187 1118 essent

82 1177 177 1223 coss.
207 1157 262 1230 hic
292 1155 426 1221 Gothos
452 1175 472 1219 e
500 1153 656 1231 Thracia,
686 1153 877 1237 Moesiaque
907 1153 1034 1218 Martio
1072 1176 1187 1220 mense

84 1259 236 1344 expulit:
260 1257 319 1322 ille
343 1256 545 1335 Amandum,
566 1278 666 1341 quem
690 1258 850 1322 Zosimus
876 1255 1048 1322 Abautum
1070 1259 1189 1342 appel-

84 1363 149 1439 lat,
188 1359 374 1427 Liciniana)
411 1361 532 1425 classis
570 1360 779 1445 preelectum,
811 1378 846 1424 v.
870 1360 965 1425 Non.
995 1361 1066 1425 Jul.
1099 1363 1190 1426 circa

87 1463 372 1547 Hadrianopolim
396 1462 495 1542 fudit,
517 1483 586 1547 qua
608 1465 643 1527 in
668 1483 778 1546 pugna
798 1463 884 1528 duos
904 1465 1034 1548 equites
1049 1466 1082 1529 in
1098 1464 1190 1529 coelo

86 1567 182 1630 visos
216 1566 311 1631 aiunt
330 1564 527 1648 cuspiniani
550 1563 761 1648 Anonymus,
785 1574 821 1629 et
843 1565 964 1650 Pomp.
981 1565 1109 1643 Laetus,
1133 1567 1192 1652 qui

88 1667 288 1733 Licinianus
313 1668 464 1751 legiones
491 1670 666 1733 caederent.
714 1668 800 1732 Mox
829 1669 950 1732 iterum
975 1668 1017 1733 ad
1042 1669 1193 1753 Callipo-

46 1847 48 1850 ⁴
80 1770 162 1847 -lim,
176 1770 307 1834 demum
323 1770 365 1836 ad
382 1770 630 1835 Chalcedouem
649 1787 730 1833 xiv.
746 1770 825 1834 Kal.
843 1769 966 1835 Octob.
1006 1770 1086 1836 Vid.
1105 1771 1192 1835 ldat.

43 1937 47 1942 ,
87 1871 283 1953 ¹Chronicou
312 1872 480 1938 Alexand.
533 1873 673 1938 Victum
702 1872 943 1939 Constantinus
972 1874 1046 1937 vita
1079 1873 1193 1944 donat,

89 1975 293 2058 deprecante
323 1975 522 2043 Constantia
549 1975 651 2058 hujus
681 1994 797 2052 uxore,
828 1975 919 2039 illius
950 1994 1074 2039 sorore.
1111 1974 1192 2042 Vid.

91 2076 237 2160 Eutrop.
254 2077 385 2142 Zosim.
401 2077 567 2163 Anonym.
582 2077 726 2142 Valesii.

115 2227 162 2292 A.
179 2226 223 2292 U.
238 2227 277 2294 C.
298 2247 505 2294 mcxxviii.
529 2228 653 2295 Christi
670 2245 837 2296 cccxxv.
863 2229 981 2295 Const.
1000 2228 1085 2314 lmp.
1102 2246 1175 2295 xx.

83 2333 87 2340 ’
126 2335 129 2340 ’
537 2333 645 2398 AEtat.
667 2349 749 2396 n111.

140 2451 221 2517 Hoc
246 2471 335 2517 anno
360 2450 521 2528 Licinius,
541 2450 738 2517 Christianae
766 2451 938 2532 religionis
961 2452 1068 2516 hostis
1092 2452 1198 2516 infeu-

93 2555 265 2631 sissimus,
280 2554 543 2631 Thessalonicae,
558 2553 615 2616 ubi
638 2562 739 2636 rupto
755 2552 882 2617 foedere
904 2555 1021 2617 turbas
1036 2545 1194 2619 molieba-

93 2666 159 2736 tur,
184 2655 396 2721 Constantini
416 2655 516 2738 jussu
538 2655 719 2738 perimitur.
765 2654 951 2725 Vid.1dat.
969 2654 1096 2717 Euseb.
1120 2673 1208 2719 cum*
1303 2662 1305 2665 ’

94 2765 188 2824 esset
211 2759 454 2842 octogenarius,
477 2758 584 2840 inquit
606 2757 709 2822 Joan.
736 2758 824 2840 Bap.
849 2757 1027 2838 Egnatius.
1073 2756 1199 2821 Eodem

96 2881 187 2928 anno
203 2861 351 2945 synodus
365 2860 507 2925 Nicaena
529 2867 646 2924 contra
658 2857 776 2924 Arium
797 2858 1086 2942 autumnitas
1109 2859 1212 2954 cele.

95 2965 207 3041 brata,
230 2969 412 3047 coeptaque
450 2978 568 3027 xvur.
602 2963 683 3027 Kal.
710 2963 780 3027 Jul.
819 2968 852 3026 et
883 2978 967 3025 vr11.
992 2961 1072 3026 Kal.
1103 2960 1200 3044 Sept.

97 3067 286 3130 terminata.
330 3063 521 3148 Antequam
553 3084 632 3130 vero
662 3065 785 3149 synodi
817 3070 930 3146 patres
960 3064 1201 3130 dimitterentur

99 3167 316 3232 Constantini
351 3167 537 3232 vicennalia
567 3169 611 3232 ab
641 3168 686 3232 iis
713 3167 929 3232 Nicomediae
967 3187 1088 3250 magna
1124 3185 1202 3231 cum

98 3288 229 3354 pompa
243 3267 335 3334 edita
352 3275 442 3333 sunt.

90 3389 95 3396 ’
121 3428 167 3495 A.
186 3427 228 3493 U.
241 3427 281 3494 C.
298 3444 475 3493 unxxrx.
498 3427 625 3494 christi
642 3445 828 3495 cccxxvi.
852 3429 967 3494 Const.
985 3429 1077 3514 Imp.
1091 3443 1181 3496 xxr.

550 3530 656 3595 AEtat.
678 3548 753 3595 eru.

136 3649 458 3716 Constantinusvu.
472 3650 591 3714 consul
602 3648 804 3714 Constantio
814 3650 950 3717 Caesare
963 3651 1100 3735 collega,
1110 3649 1203 3715 Cris·

101 3771 182 3838 pum
198 3751 302 3816 tilium
317 3750 372 3816 23.
383 3758 446 3832 ,aut
460 3752 515 3818 24.
538 3771 699 3816 annorum
720 3753 981 3832 adolescentem,
999 3753 1150 3830 Helenae,
1165 3759 1204 3818 ut

102 3873 149 3921 ox
164 3854 224 3921 tib.
242 3869 296 3917 lx.
313 3852 389 3918 cod.
404 3853 468 3917 Th.
485 3853 527 3918 dc
541 3852 760 3937 indulgentiis
776 3855 951 3920 criminum
965 3859 1073 3937 patet,
1089 3856 1202 3918 matri·
1230 3856 1231 3860 ’

102 3957 219 4023 monio
236 3954 398 4040 junctum,
414 3975 436 4020 a
458 3955 588 4022 Fausta
612 3975 761 4022 nouerca
787 3960 908 4023 tentati
930 3977 1005 4021 cum
1029 3976 1073 4021 ea
1096 3958 1203 4040 stupri
1262 4040 1263 4043 Ἴ

103 4064 311 4136 accusatum,
321 4057 479 4124 credulus
488 4060 624 4124 nimium
636 4059 807 4143 supplicio
820 4059 923 4124 afficit
935 4058 1031 4123 Polae
1046 4059 1078 4122 iu
1090 4059 1202 4148 istria,

102 4167 144 4224 ut
172 4159 221 4225 ait
245 4158 455 4240 Ammianus,
481 4180 550 4226 uon
570 4159 703 4241 Romae,
728 4169 767 4227 ut
792 4163 864 4229 vult
884 4161 1054 4226 Zosimus.
1097 4160 1202 4246 Cujus
