2730 4726
128 287 220 356 lam
394 297 561 348 suuntur
584 295 819 349 susurnam!
842 297 957 352 Almo

129 448 208 532 opis
222 451 290 511 toae
304 443 540 529 expectatione
556 445 738 523 viventem,
751 444 915 510 illustrare
932 430 1090 528 dignatus
1104 464 1158 512 es.
1200 446 1232 514 6.

126 555 220 621 'Boni
242 550 414 634 Principis
428 557 492 629 est,
506 551 654 615 libenter
669 570 753 615 suos
767 550 882 615 ridere
897 550 1038 632 felices3
1060 552 1123 617 sed
1136 553 1233 620 meli·

128 658 209 731 oris,
223 656 370 719 invisere
383 654 485 718 etiam
501 652 712 718 laborantes.
748 653 783 718 6.
804 650 867 718 Dii
879 654 983 720 boni!
1003 653 1162 738 quisnam
1175 656 1232 722 ille

109 767 201 823 ·tnm
222 756 323 821 nobis
343 755 459 850 illuxit
480 754 572 821 dies!
588 753 661 839 jam
683 755 771 820 enim
791 754 835 820 nd
852 745 1071 840 praedicanda
1083 755 1232 823 remedia

127 860 273 925 numinis
287 858 349 935 tui,
362 857 478 922 ordine
492 875 567 936 sno,
582 857 737 941 pervenit
751 859 889 936 oratio:
899 876 978 923 cnm
992 863 1042 934 tu,
1056 858 1150 942 quod
1166 859 1232 943 pri·

128 981 219 1026 mom
240 960 337 1025 nobis
357 958 487 1041 signum
504 958 626 1024 salutis
639 957 716 1039 fnit,
729 967 850 1044 portas
863 960 966 1025 istius
980 960 1073 1024 orbis
1087 959 1232 1041 intrasti,

129 1081 208 1147 quse
234 1070 279 1140 te,
302 1061 421 1125 babitu
444 1058 505 1125 illo
529 1061 564 1124 in
590 1061 700 1126 sinum
723 1061 875 1137 reducto,
897 1069 936 1126 et
959 1062 1232 1144 procurrentibus

128 1166 295 1248 utrimque
309 1163 466 1241 turribus,
481 1161 644 1247 amplexu
658 1161 804 1246 quodam
819 1163 997 1228 videbatur
1009 1165 1197 1248 accipere!

172 1267 264 1334 Cer.
290 1281 373 1330 vrrr.
408 1267 441 1329 1.
464 1264 609 1330 Miratus
621 1285 671 1340 es,
689 1265 890 1349 Imperator,
904 1264 993 1329 unde
1007 1284 1046 1329 se
1061 1266 1125 1330 tibi
1139 1273 1235 1332 tanta

128 1370 264 1436 obviam
285 1366 486 1432 effunderet!
508 1366 697 1444 multitudo,
713 1385 792 1430 cnm
814 1364 1031 1431 solitudinem
1050 1385 1098 1430 ex
1117 1367 1232 1433 vicino

128 1479 240 1537 monte
263 1469 422 1535 vidisses.
467 1467 595 1533 Omnes
620 1469 710 1533 enim
735 1486 781 1532 ex
807 1467 896 1550 egris
916 1467 1066 1532 omnium
1091 1474 1232 1536 aetatum

127 1572 282 1638 bomines
298 1571 577 1648 convolaverunt,
589 1577 629 1634 ut
643 1569 804 1648 riderent,
819 1588 921 1654 quem
935 1571 1153 1654 superstitem
1168 1571 1233 1637 sibi

128 1675 276 1740 libenter
298 1680 463 1757 optarent.
507 1674 540 1738 2.
562 1671 668 1751 Quod
689 1673 780 1737 enim
801 1672 846 1736 ad
868 1670 1129 1756 propagandos*
1152 1675 1232 1738 elio-

129 1797 203 1843 rum
219 1776 416 1861 Principum
431 1776 519 1856 dies,
534 1775 667 1840 solenni
682 1775 857 1842 verborum
870 1769 981 1852 more,¹
992 1772 1142 1858 juratur,
1159 1777 1233 1854 tibi,

151 1958 1233 2040 frissemmtorubusoreuecims,ummmmmuiursueru

130 2026 1235 2220 wffiffffirmmipmmdummtmiwmmm

128 2169 198 2220 pam
370 2187 378 2205 .

584 2230 768 2253 ‘unumve

129 2338 222 2402 scripti
235 2345 263 2389 et
279 2339 407 2403 impressi.
439 2339 515 2404 Mox,
526 2339 641 2404 Gnslpb.
652 2344 678 2389 ut
689 2337 780 2401 virm,
791 2337 957 2402 improbante
968 2337 1112 2391 Arata-d
1126 2339 1167 2390 Di
1176 2340 1233 2392 sris.

131 2405 233 2454 Berlin.
251 2403 321 2453 unde
341 2404 424 2453 bivio.
441 2405 511 2467 conj.
527 2406 564 2453 Di
582 2406 737 2455 immortates.
752 2404 880 2468 ‘cuspin
901 2405 1014 2454 libanam
1033 2403 1126 2466 Stepb.
1149 2405 1234 2456 lirin.

129 2469 262 2530 mendose,
265 2468 319 2529 jora
329 2470 392 2518 eninr
402 2469 434 2518 nd
442 2469 596 2532 predicente
606 2470 711 2520 maedis
720 2467 803 2518 ordin
812 2469 916 2518 uminis
924 2469 962 2519 tui
968 2469 1104 2531 rsprwnu
1113 2485 1124 2528 ,-
1135 2469 1183 2520 aed
1192 2486 1234 2521 re·

130 2548 187 2584 ram
198 2535 353 2599 scripturam
365 2548 398 2583 er
410 2549 457 2583 sno
468 2533 527 2584 cod.
539 2541 567 2585 et
581 2534 683 2585 Berlin.
698 2534 806 2598 protulit
818 2534 902 2584 lirin.
915 2549 972 2583 eam
992 2549 1025 2583 ne
1035 2533 1162 2586 exhibent
1171 2551 1233 2601 quo·

128 2614 180 2664 qne
191 2598 293 2651 ceteri?
307 2600 401 2661 daeger.
424 2597 621 2663 ‘Depraratam
639 2613 741 2663 qnoque
758 2599 821 2649 lect.
836 2598 913 2647 babet
924 2548 1039 2662 Gudipb.
1050 2613 1162 2664 eamque
1173 2601 1234 2651 reti·

127 2665 187 2715 nuit
208 2665 294 2714 Biriu.
313 2663 429 2728 quamvis
445 2663 506 2713 iude
518 2679 533 2714 a
544 2664 622 2715 Grut.
639 2664 783 2728 placuisset
796 2662 897 2713 altera!
919 2664 1006 2713 Arntz.
1026 2663 1133 2714 summis
1148 2666 1234 2715 trior.

127 2730 185 2780 dise
195 2729 257 2781 Vet.
268 2729 381 2779 Potesn.
395 2730 459 2779 Vel.
475 2729 559 2780 Lirin.
570 2729 671 2780 Berlin.
697 2744 740 2778 suo
749 2729 859 2793 peruenit
870 2728 972 2778 Bertin.
989 2730 998 2758 ‘
1008 2729 1090 2792 nege,
1098 2728 1163 2793 Oris
1172 2731 1236 2780 rsirs

128 2795 344 2859 supraemos
354 2793 536 2844 tuiordisesso
573 2794 652 2844 ruerit
662 2793 752 2858 oratio)
760 2791 831 2843 cura?
847 2792 950 2844 Acidal.
983 2792 1068 2855 Idem,
1081 2795 1237 2857 pressistis.

127 2859 194 2923 legit
203 2861 234 2909 ad
243 2861 352 2910 mistm
378 2857 448 2908 Edd.
460 2867 521 2910 ante
559 2859 728 2922 rutaiprim
744 2859 805 2908 Vet.
822 2857 907 2907 Lirin.
918 2858 1020 2908 Bertio.
1029 2857 1146 2920 (inelpb.
1155 2859 1235 2910 istius·

128 2923 195 2975 lloec
207 2925 233 2974 iu
245 2925 311 2974 Mra.
326 2922 462 2984 confundi,
480 2931 569 2975 monet
586 2923 725 2974 Drakenb.
743 2921 777 2972 ad
793 2922 840 2972 Sil.
854 2935 893 2970 vr.
903 2927 962 2973 309.
975 2924 1046 2985 ‘quc
1060 2928 1087 2973 ts
1097 2925 1187 2974 Moerl.
1199 2923 1235 2972 ri·

128 2988 214 3038 tiore!
229 2989 323 3049 Joegrr.
349 2989 403 3037 Pro
413 2988 504 3046 labda,
516 2988 619 3039 Acidel.
629 2989 697 3052 conj.
712 2989 791 3048 edita,
801 2989 843 3036 rel
853 2987 953 3037 ambitu.
980 2986 1116 3050 ‘Guelpb
1130 2988 1158 3038 is
1167 3003 1235 3039 uun

128 3055 244 3104 emoto:
261 3051 372 3103 vitiose)
389 3053 476 3103 Arete.
501 3055 621 3117 utrimque
636 3053 756 3103 tenoribus
767 3051 902 3101 Cbassenl
913 3051 982 3102 Edd.
993 3063 1053 3102 aute
1066 3051 1158 3104 Arata.
1169 3055 1234 3104 vids·

130 3117 236 3176 buntur3
249 3117 337 3167 Moerl.
349 3123 377 3166 et
387 3117 503 3180 Gnelpb.
513 3119 647 3179 uidebatur,
659 3125 689 3167 nt
702 3131 753 3167 non
771 3116 804 3167 ad
820 3123 918 3182 portus,
931 3116 978 3166 sed
989 3118 1021 3166 ad
1034 3117 1126 3167 urbem
1139 3117 1236 3168 refers·

130 3189 184 3232 tur.
197 3188 205 3212 ⁸
216 3182 315 3245 Recte3
328 3197 378 3230 non
391 3183 459 3231 enim
468 3183 493 3232 in
505 3197 579 3232 suum
592 3181 708 3232 reducta
719 3188 795 3232 erant
806 3191 900 3246 portae,
910 3182 956 3232 sed
965 3181 1047 3233 urbs!
1064 3184 1153 3233 Arata.

163 3246 232 3298 Car.
243 3260 307 3296 vrrr.
333 3251 347 3296 l
366 3247 483 3299 Rhenan.
495 3247 588 3311 Steph.
602 3248 684 3298 Lirin.
698 3247 783 3296 Rirlo.
794 3249 829 3297 al.
841 3255 907 3296 reti.
918 3261 980 3297 snus
990 3261 1031 3305 se,·
1048 3245 1113 3296 Ver.
1123 3248 1235 3298 Putean.

129 3310 193 3360 Vet.
205 3312 290 3362 Livio.
303 3312 404 3360 Berlin.
415 3313 479 3362 Eue.
488 3314 571 3376 brug.
582 3312 690 3377 Cuspis.
700 3311 825 3362 Cbassan.
836 3311 950 3376 Guelpb.
962 3310 1028 3362 lire.
1044 3311 1192 3362 Scbonbor.
1202 3313 1235 3363 P.

129 3374 223 3439 dteph.
241 3382 270 3424 et
287 3375 349 3425 edd.
371 3384 485 3429 receuti.
502 3381 565 3428 sede
580 3391 624 3437 εις
639 3385 668 3428 et
685 3376 725 3426 sic
739 3377 808 3441 conj.
825 3377 943 3428 libertae.
969 3377 1149 3427 consciscerent
1166 3377 1235 3440 conj.

130 3439 235 3490 Acidal.
253 3446 280 3490 et
294 3441 449 3492 Bitiam-u
466 3440 534 3492 Edd.
551 3449 616 3492 vett.
631 3444 662 3492 ud
677 3442 845 3506 propagandos
860 3442 962 3492 diensi
975 3441 1112 3504 principun
1125 3441 1235 3500 ntmsir

131 3504 239 3568 Cuspio.
250 3507 354 3569 adprop
365 3507 514 3564 eduliorum,
525 3510 567 3570 isc.
595 3506 795 3571 Prmpositiood
804 3506 880 3556 deest
888 3507 915 3555 in
927 3507 1028 3556 Berlin.
1043 3507 1075 3555 ud
1085 3520 1153 3568 prop.
1162 3521 1236 3557 osma

130 3570 233 3619 diorum
251 3570 320 3633 conj.
337 3570 445 3620 Ritters.
465 3586 539 3620 arros
556 3571 636 3622 etiam
656 3572 774 3622 Rbenan.
796 3579 824 3622 et
846 3571 941 3623 Faber.
964 3571 1016 3622 dies
1037 3571 1101 3620 Vet.
1121 3571 1234 3621 Puteau.

131 3635 218 3686 bloerl.
235 3643 263 3686 et
274 3634 345 3686 Gud.
372 3635 512 3686 somarium
528 3636 631 3689 Bertio.
646 3636 817 3701 ‘Elegantior
827 3643 868 3688 est
881 3635 995 3700 vulgata
1007 3635 1129 3686 lectionis
1144 3635 1236 3702 hypsi·

627 3783 735 3835 NOTAE

161 3875 171 3920 t
189 3877 445 3944 Obeiumefflorderet]
463 3878 663 3930 constentiuiin
704 3885 778 3930 erant
789 3879 915 3945 ejusmodi
927 3871 1139 3930 acclamationes.
1165 3876 1234 3929 Nam

131 3948 349 4015 Augustodunum
361 3954 450 4004 urbem
462 3953 603 4017 ingressus.
703 3955 774 4022 apud
782 3952 893 4007 Tertull.
902 3955 1042 4020 Apologet.
1055 3954 1184 4004 acclamet
1191 3957 1236 4018 po·

164 4022 177 4058 ¹
193 4025 234 4076 Aa
249 4028 427 4093 propagandos]
451 4026 547 4078 Auton.
565 4028 664 4081 Schon·
704 4033 790 4098 polus,
806 4033 865 4084 ‘De
876 4032 969 4083 uostris
983 4031 1056 4081 annia
1068 4029 1118 4082 tibi
1128 4028 1236 4094 Jupiter

131 4098 221 4150 bosius
234 4103 306 4152 addit
317 4119 400 4153 annor.
705 4117 800 4173 augeat
818 4107 915 4158 annos-¹
947 4101 1170 4172 Apud'Ssnecam
1188 4105 1237 4170 Ep.

168 4174 293 4230 'dobunt
317 4181 440 4232 cerbonii
466 4180 541 4246 more]
575 4183 663 4234 Varie
705 4196 787 4237 xxxi.
798 4190 825 4234 et
837 4184 1027 4239 arur-‘Tanto
1044 4183 1144 4248 melior,
1159 4193 1237 4244 sirrge
