2730 4726
334 354 343 369 ,
389 320 564 372 anniano·
580 308 669 373 sua.
707 319 763 369 xr.
786 304 841 371 17.
1082 300 1166 373 1521

60 484 197 546 omnes,
212 471 313 552 atque
327 467 428 533 etiarn
451 464 597 549 singoli⁸
619 466 799 538 salutandi,
825 464 1025 550 prensandae
1049 466 1168 532 obvio·

60 592 136 638 rum
152 589 285 647 manus,
299 570 456 635 omnibus
473 570 681 635 arridendum
697 591 707 652 ;
728 589 797 655 non
812 571 921 634 solum
941 589 1017 637 cum
1033 569 1168 647 infimis,

62 673 122 741 sed
138 674 239 738 etiam
256 691 332 736 eum
348 672 470 752 ignotis
484 672 724 738 familiaritatis
739 673 851 756 imago
865 672 1069 751 simulanda,
1082 674 1166 752 mnl·

61 781 167 859 taque
182 760 394 858 aliapropter
408 775 569 840 honorem
583 775 720 858 agenda,
731 796 808 859 qnae
824 776 910 839 alias
922 776 1028 840 virum
1040 775 1169 841 honoro

62 877 200 960 dignum
215 877 326 941 iacere
345 896 415 941 non
435 875 580 943 deceret.
625 877 658 941 2.
681 876 780 942 Unde
797 876 880 942 illud
895 876 1012 942 Crassi
1034 862 1168 942 eelebr'e

63 979 203 1046 dietum.
246 979 332 1063 Cnm
348 986 477 1063 peteret
492 979 715 1056 consulatum,
739 986 774 1043 et
797 978 883 1043 forte
909 998 986 1045 cum
1011 979 1168 1044 Scaevola

62 1100 184 1151 socero
207 1102 268 1166 per
287 1082 360 1146 vias
381 1082 475 1147 urbis
497 1082 675 1158 incederet,
694 1079 941 1166 neo‘praasente
968 1083 1169 1165 gravissimo

61 1193 99 1249 et
114 1185 328 1249 severissimo
339 1184 423 1259 viro,
431 1183 572 1249 blandiri
585 1185 725 1269 populo,
735 1185 870 1269 palpare
880 1185 1015 1261 obvios,
1025 1191 1060 1250 et
1075 1194 1167 1249 artes

61 1288 242 1371 petitorias
258 1288 399 1353 auderet
414 1307 579 1366 exercere,
590 1293 600 1323 ‘
612 1285 891 1373 Quaes0,'inquit,
902 1289 1030 1367 ‘Muci
1040 1288 1168 1372 paulis

61 1408 125 1473 per
140 1389 324 1468 abscedas,
340 1409 406 1454 neo
422 1391 583 1455 comitatu
597 1396 655 1456 tuo
671 1409 723 1455 me
737 1390 905 1456 honestari
920 1398 1039 1475 putes:
1063 1392 1168 1474 impe·

61 1491 118 1557 dis
127 1492 287 1556 honorem
301 1511 408 1556 meum
418 1516 427 1566 ;
438 1501 472 1556 te
484 1500 661 1575 spectante
671 1494 810 1576 ineptus
820 1514 896 1558 esse
908 1512 973 1557 non
985 1488 1168 1577 possum.'¹‘

61 1595 95 1659 3.
116 1595 168 1661 At
182 1614 263 1660 vero
280 1614 344 1677 ego
358 1595 484 1661 nullius
504 1598 652 1661 favorem
675 1598 765 1680 turpi
789 1599 1013 1662 assentatione
1036 1615 1168 1681 prome*

60 1697 136 1777 rni3
157 1697 239 1762 nihil
253 1697 318 1762 feci
341 1699 510 1780 ineptum;
534 1699 615 1768 nihil
630 1702 694 1782 egi,
720 1701 812 1783 quod
834 1708 990 1782 spectare
1014 1699 1167 1765 Mucium

60 1801 199 1864 nollem.
257 1799 289 1865 4.
322 1799 402 1864 Non
430 1803 534 1873 modo
561 1802 691 1867 nullum
721 1803 937 1885 popularium
964 1802 1166 1887 deprecatus

61 1923 158 1984 sum;
172 1901 231 1966 sed
246 1923 289 1967 ne
303 1908 336 1968 te
351 1904 490 1987 quidem
504 1907 629 1988 ipsum,
641 1905 838 1989 Imperator,
853 1924 953 1988 quern
968 1924 1064 1969 orare
1079 1923 1166 1988 pree-

60 2004 201 2083 elarum,
233 2007 289 2071 oni
313 2027 432 2091 preces
458 2008 613 2075 adhibere
642 2009 873 2093 plenissimum
898 2007 1073 2090 dignitatis
1103 2013 1166 2083 est,

58 2109 166 2173 verbo
182 2108 301 2173 saltem
318 2110 398 2174 adii.
443 2111 574 2194 Sponte
588 2112 623 2175 in
638 2110 802 2176 familiam
820 2110 970 2175 divinum
986 2110 1077 2175 istud
1096 2116 1164 2177 ata

60 2231 187 2276 munus
202 2210 351 2276 infusum
367 2221 432 2278 est.

104 2312 197 2381 Cae.
214 2330 312 2378 xvir.
358 2317 388 2379 l.
414 2315 560 2380 Fatebor
575 2322 684 2382 autem
700 2316 776 2395 tihi,
794 2316 942 2382 maxime
966 2315 1169 2400 Imperator„
1228 2358 1231 2367 ·

536 2498 565 2518 u
569 2498 702 2520 ueneno

56 2625 147 2685 ium
163 2625 226 2676 Vct.
235 2626 347 2678 Puteum
358 2629 423 2678 Exe.
439 2627 586 2678 Senonhov.
599 2628 689 2677 Moeri.
698 2627 768 2677 Gud.
779 2627 924 2690 Cuspinset
936 2623 1070 2688 P·.Steph.
1086 2641 1108 2675 o.
1122 2640 1164 2674 aa·

56 2694 134 2755 nino,
143 2693 270 2752 tributim
286 2695 349 2744 Vet.
362 2694 446 2743 Livin-
458 2695 558 2743 Bertin.
569 2703 597 2743 et
610 2693 671 2742 edd.
683 2703 747 2742 vett.
764 2694 874 2742 tributim
885 2693 1005 2749 hominem
1023 2689 1094 2740 Gud.
1104 2691 1165 2738 Ver.

56 2759 175 2810 Putean.
185 2759 304 2807 Patarol.
320 2768 347 2810 et
361 2761 456 2808 Cellar.
472 2766 492 2809 t.
508 2774 596 2808 omnes.
628 2757 696 2808 Edd.
715 2768 776 2807 ante
793 2757 883 2807 Arntz.
898 2757 1084 2820 prehensandoe3
1101 2756 1163 2806 Ver.

57 2824 174 2874 Putesn.
186 2823 246 2872 Vet.
258 2825 343 2874 Livio.
354 2825 465 2888 Guelph.
482 2827 677 2886 pransurum—2
696 2825 792 2882 Quaeso,
802 2822 890 2885 inquit,
903 2822 970 2872 Muti
983 2821 1085 2870 Puteol.
1096 2819 1164 2869 Rhe·

56 2900 123 2938 nan.
134 2888 270 2952 HSteph.
280 2899 308 2938 et
320 2890 406 2939 Rivin.
421 2893 520 2948 ‘mate3
538 2889 639 2938 Granis
652 2890 718 2936 enim
731 2897 771 2937 est
782 2887 902 2937 moderor!
917 2887 1005 2936 Arata.
1032 2892 1072 2935 tao
1082 2885 1164 2934 hona-

55 2954 110 3003 Μή
119 2954 182 3004 edd.
193 2965 259 3003 vett·
274 2969 313 3004 me
322 2955 435 3004 comitato
445 2961 486 3003 tuo
497 2955 617 3002 honestari
628 2955 695 3016 conj.
706 2954 791 3004 Lirin.
808 2959 848 3003 tuo
859 2968 895 3002 ms
908 2950 1027 3000 tancmari
1038 2951 1100 3000 Vet.
1110 2950 1164 3000 Pn-

57 3027 128 3068 taen.
146 3019 262 3068 ‘Melius
273 3021 308 3069 ait
318 3019 456 3069 honestare-¹
474 3020 576 3069 Aaron.
610 3019 684 3067 ‘Pro
698 3026 777 3081 pates,
794 3018 901 3080 Cuspio.
918 3018 1057 3066 admodum
1070 3015 1163 3065 vitiose

54 3083 155 3148 ματα]
174 3084 319 3146 sagea-³
335 3086 371 3134 At
389 3101 432 3145 ego
450 3100 505 3133 nero
524 3082 637 3146 Gueipir.
654 3085 742 3132 nullius
758 3098 861 3133 amorem
882 3083 998 3131 Rhenan.
1017 3082 1053 3131 H·
1071 3080 1162 3144 Steph.

57 3149 144 3199 Livio.
154 3149 240 3201 Rivin.
254 3164 279 3199 a.
288 3150 398 3210 sanorem
409 3151 510 3199 Bertin.
519 3151 582 3198 Exo.
595 3149 739 3198 Sohonhov.
749 3151 857 3209 Cuspio.
870 3147 1002 3210 P.Stepir.
1013 3158 1040 3195 er
1051 3152 1164 3196 recentt.

56 3229 83 3264 a.
95 3229 177 3264 mre
187 3214 300 3278 Guetph.
326 3216 434 3264 Martum
446 3217 552 3264 Puteol.⁴
560 3215 677 3263 Rhenan.
691 3213 727 3265 H.
740 3216 833 3277 Steph-
851 3220 878 3262 et
894 3212 981 3263 Ririn.
999 3219 1028 3260 ut
1041 3225 1162 3273 suprae-

57 3283 75 3329 4
92 3279 209 3333 anenno.
222 3280 258 3330 H.
270 3280 360 3344 steph.
373 3281 456 3330 Livio.
469 3280 555 3328 Rivin.
573 3286 597 3328 te
614 3281 715 3343 quiden,
733 3278 883 3343 imperatam·
899 3280 961 3327 Vet.
977 3278 1089 3326 Putean.
1099 3277 1163 3327 Vet.

58 3344 146 3393 Livin-
165 3343 266 3394 Bertin.
286 3346 373 3394 Moerl.
393 3347 457 3394 Exn.
478 3345 621 3393 Seironhov.
641 3344 752 3406 Gueiptr.
772 3344 880 3407 cuspin.
897 3345 930 3393 Ρ.
942 3344 1031 3406 Steph.
1043 3342 1123 3392 Grut.
1135 3349 1164 3393 et

58 3417 173 3459 reeentt.
187 3417 211 3460 te
228 3411 322 3473 quidem
335 3411 421 3474 iprum,
439 3411 580 3473 Imperator.
598 3410 670 3458 -Vet.
683 3410 766 3459 Lirin.
778 3410 881 3458 Prrteol.
894 3410 1010 3457 Rhenan.
1022 3407 1058 3456 H.
1071 3408 1163 3470 Steph.

57 3483 87 3524 et
98 3475 185 3524 Rivin.
201 3477 291 3525 saltim.
325 3476 428 3524 Bertin.
444 3476 471 3523 iu
478 3476 601 3534 familiam
610 3490 693 3525 meam.
727 3475 816 3523 ‘lilnd
829 3489 904 3522 meum
919 3483 991 3522 certe
1005 3473 1086 3523 debet
1102 3474 1162 3522 sun.

58 3538 162 3589 audiri!
178 3543 274 3602 Joeger.
305 3541 371 3590 istud
389 3554 474 3589 manus
494 3542 600 3590 Prrteot.
619 3542 734 3589 Rhenan.
754 3540 791 3589 H.
808 3541 899 3602 steph.
922 3539 1009 3588 Lirin.
1029 3546 1056 3587 et
1077 3538 1162 3587 Rivin.

56 3605 124 3719 igtud
138 3621 154 3654 a
167 3609 191 3653 te
203 3619 288 3654 murras
302 3605 362 3655 Vet.
375 3606 487 3656 Putean.
500 3607 560 3657 Vet.
573 3607 658 3656 Lirin.
668 3607 767 3656 Bertiu.
778 3605 1011 3671 (iosiph-Cuspio.
1023 3605 1056 3654 P.
1069 3605 1161 3666 steph.

84 3678 137 3721 rut.
147 3677 176 3721 et
188 3678 299 3721 reeentt.

560 3798 669 3851 NOTAE

89 3916 103 3945 ⁸
119 3912 208 3960 Omnes
222 3910 361 3976 [iumiaesL
370 3901 440 3976 utque
450 3913 522 3962 etiam
537 3912 586 3962 rin·
627 3932 677 3965 aa:
694 3915 807 3966 tributim
814 3931 902 3978 omnes,
910 3918 980 3978 atque
989 3912 1064 3963 etium
1070 3912 1161 3975 singula·

54 3990 121 4054 guli]
138 3988 170 4037 ld
183 3997 234 4050 est,
254 3989 303 4052 ipsi
320 3989 385 4038 odeo
403 3991 497 4054 singuli
509 3991 587 4039 homi·
626 3994 755 4041 enatandi.

54 4082 104 4116 ner
114 4067 252 4116 salutandi.
277 4067 410 4118 Acidalins
422 4070 588 4132 tegit‚omnes‚
660 4069 672 4102 b
688 4072 749 4119 Esse
758 4085 805 4117 aon
815 4070 920 4133 possum]
937 4069 1056 4118 Sumtom
1068 4065 1131 4115 illud
1143 4078 1160 4118 e

56 4150 128 4208 nque
136 4145 209 4194 etiam
219 4144 367 4208 singultire.
402 4145 434 4194 In
451 4147 532 4194 veteri
545 4160 588 4192 ve·
628 4147 695 4196 Tull.
706 4148 739 4198 de
751 4149 828 4198 Orat.
839 4162 858 4197 1.
870 4151 925 4196 112.
943 4144 1089 4209 ‘Equidem
1100 4157 1159 4194 cnm

56 4235 86 4271 ro
97 4222 189 4274 codice
205 4230 256 4280 est,
269 4226 393 4273 ediscendo
402 4226 504 4275 omnium
515 4224 589 4272 aomi-
628 4232 746 4288 peterem
758 4222 943 4288 magistratrrs,’
954 4227 1003 4273 dre.

122 4303 210 4368 verpa
220 4309 244 4355 et
256 4304 315 4356 Ver.
327 4306 394 4354 Cim.
533 4307 627 4369 Puneg.
641 4306 695 4357 Vct.
1035 4310 1054 4355 t.
1067 4304 1098 4354 D
