2730 4726
133 302 220 367 1450
458 314 623 378 κωκυ
648 316 919 368 raaaerareas

133 471 204 528 tam
217 460 384 524 maloram
397 458 593 522 memoriam
616 459 725 522 oratio
743 477 822 524 mea
835 459 987 538 suscitet,
1000 460 1066 527 aed
1080 481 1127 527 aa
1135 483 1237 531 vsarit>-

132 563 285 628 tissimas
311 560 483 644 Principis
507 559 640 636 laudes,
665 560 743 625 dum
765 561 877 626 aliena
894 562 982 627 vitia
994 563 1239 649 depromimus,

132 684 243 731 sermo
257 663 337 728 talis
356 664 524 728 incestet.¹
565 665 599 727 ἃ
620 662 875 728 lucrementum
893 665 1028 749 quidem
1042 667 1180 751 adepta
1194 669 1238 733 se-

131 763 292 834 deitatis¹¹
316 771 372 830 est
392 767 558 830 maloram
581 773 843 831 commemorata
863 766 1038 850 depulsio:
1060 788 1190 848 reram,
1203 781 1239 836 ut

131 870 167 935 in
192 868 372 952 segetibus,
397 868 532 931 etiamsi
557 867 674 945 multa,
694 887 772 951 qaae
796 869 934 934 humum
957 870 1175 950 obsederant,
1194 875 1239 937 ia·

131 972 262 1037 dustria
280 969 469 1036 revellenda
491 977 582 1048 sant,
603 970 755 1035 laborem
784 979 897 1035 tamea
919 973 1056 1056 purgati
1080 975 1151 1039 soli
1181 996 1239 1040 ne·

132 1072 323 1157 sciunt,qui
334 1072 466 1136 fruetus
476 1073 588 1137 editos
598 1072 1063 1140 intuenturzsiecoastantini
1073 1075 1238 1143 laudibus

131 1179 217 1243 antis
229 1184 292 1255 est,
308 1175 387 1240 dum
403 1174 650 1241 efflorescentia
663 1176 754 1240 boae
768 1176 949 1253 cernimus,
962 1195 1005 1240 ae
1018 1177 1112 1243 mala
1122 1180 1239 1245 excisa

132 1286 338 1365 reputemus.

175 1383 268 1447 Cae.
285 1397 341 1446 rx.
386 1379 419 1443 1.
441 1379 591 1445 Ferebas
616 1386 738 1458 tamen,
760 1378 961 1463 Imperator,
983 1380 1118 1451 ferebas
1142 1382 1237 1448 iliam

130 1486 166 1550 in
181 1487 284 1551 tantis
299 1484 399 1549 malis
414 1481 595 1560 ludentem,
615 1489 660 1559 et,
675 1501 752 1546 eum
772 1481 884 1547 omnia
898 1488 936 1547 tu
949 1481 1070 1559 scires,
1085 1489 1168 1549 vota
1181 1484 1237 1549 ho-

129 1587 256 1651 minum
270 1583 493 1662 connivendo,
508 1582 682 1667 patiendo,
696 1583 884 1666 fatigabas:
906 1585 964 1667 qui
976 1604 1020 1648 ae
1032 1585 1084 1650 sie
1099 1587 1236 1670 quidem

129 1688 256 1772 injuste
277 1707 371 1751 arma
391 1706 530 1770 caperes
577 1688 640 1751 etei
664 1685 810 1751 nondum
833 1687 877 1752 ab
892 1687 1024 1751 homine
1046 1687 1235 1767 lacessitus,

124 1784 198 1874 jam
210 1796 320 1857 tamen
334 1790 492 1856 vitiorum
506 1789 581 1874 ejus
594 1789 769 1854 inimicas.
810 1788 846 1852 2.
868 1790 946 1862 Sed,
961 1790 1054 1873 quod
1069 1797 1146 1855 erat
1161 1809 1235 1856 eoa·

128 1898 326 1958 sentaneum
342 1892 532 1958 clementiae
553 1898 635 1968 tuae,
649 1891 879 1975 experiebaris
899 1891 1049 1957 remedia
1063 1887 1237 1968 molliora,i

130 2001 179 2072 at,
191 1994 283 2079 quod
296 1994 390 2059 leniri
406 2012 509 2078 quam
524 1993 670 2058 resecari
685 1991 818 2067 malles,
831 1993 943 2079 mitior
957 1993 1126 2058 medicina
1141 2013 1236 2060 sana·

128 2100 190 2163 ret.
234 2096 269 2162 3.
291 2096 382 2176 Quin
396 2103 578 2179 extorques
594 2096 706 2161 anime
720 2099 780 2161 tuo
795 2103 832 2161 et
842 2094 1065 2163 conveniendi
1075 2097 1234 2172 studium,

161 2287 174 2322 r
190 2279 552 2346 ajunodiomrioemanpnr.

603 2356 770 2381 §eunoun

128 2455 172 2503 iret
189 2454 262 2504 aare)
279 2455 391 2503 Putean.
419 2456 533 2507 ‘Parum
552 2458 578 2507 id
600 2471 723 2517 necesse3
741 2457 875 2520 vulgatum
893 2470 995 2523 qnoque
1009 2453 1091 2505 itabat
1112 2455 1234 2520 Guelph!

128 2523 264 2569 Annia—5
282 2520 529 2582 Gueipir.feiieitatis
540 2524 663 2584 maloram,
680 2523 774 2571 omisso
791 2524 827 2584 τᾷ
841 2528 887 2572 ert.
922 2522 1005 2570 Pauio
1021 2528 1090 2580 post,
1109 2524 1233 2572 relevanda

127 2590 184 2632 sant
200 2585 315 2634 Rhenan.
326 2587 417 2646 steph.
429 2587 512 2635 Lirin.
525 2586 613 2636 Rivin.
625 2597 652 2635 et
664 2589 697 2637 al.
713 2594 778 2636 vett.
795 2589 928 2637 revellenda
939 2592 995 2635 sant
1008 2586 1114 2635 Bertia.
1127 2588 1233 2649 cuspin.

130 2649 244 2712 Gueiph.
265 2651 330 2699 Ere.
347 2650 492 2700 Schonhov.
510 2652 588 2701 Grnt.
605 2660 632 2700 et
651 2661 762 2703 recenti.
777 2652 847 2714 qnod
864 2650 1001 2701 confirmat
1018 2665 1132 2714 sequens
1146 2655 1233 2703 exem.

128 2714 245 2763 ‘Redire
261 2713 404 2764 revellere’
425 2714 492 2766 dixit
513 2717 592 2766 Ovid.
617 2717 683 2766 Met.
708 2731 758 2767 vu.
773 2721 831 2766 πθ.
846 2717 974 2766 metanda
989 2722 1047 2766 rant
1064 2717 1128 2765 Ver.
1151 2718 1232 2767 Livia.

126 2777 220 2840 ‘Lege
231 2778 355 2830 relevata!
372 2779 473 2829 Acidni.
579 2812 582 2819 -

160 2845 229 2894 Cnr.
243 2858 283 2893 rx.
312 2849 323 2893 l
344 2845 457 2905 enetph.
478 2850 519 2893 tua
531 2844 612 2893 scires.
637 2845 699 2894 Vet.
716 2845 828 2897 Putem.
847 2844 981 2895 conniventi
992 2844 1112 2906 patientia
1119 2859 1130 2902 ,·
1149 2845 1231 2895 Lirin.

128 2910 196 2972 conj.
207 2910 351 2959 connivendo
359 2912 532 2974 patiendoque,-
549 2909 620 2959 Gud.
636 2910 726 2967 habet,
746 2911 881 2960 conniventi
896 2910 1021 2972 patienda.
1054 2911 1132 2971 Mox,
1149 2911 1233 2973 injurie

128 2974 267 3037 sicquidem
283 2975 398 3023 Rtrensn.
412 2975 504 3036 steph.
517 2973 601 3024 Lirin.
615 2975 702 3024 Rivin.
716 2976 752 3024 sir
768 2974 1163 3039 quideminjnrtevet.1’nteaa.
1177 2976 1235 3026 Vei.

128 3037 213 3087 Livia.
226 3039 337 3102 Guelph.
350 3041 414 3089 Ere.
427 3039 573 3090 Schonhov.
586 3042 686 3090 Bertin.
696 3041 803 3104 Caspia.
815 3041 894 3091 Grut.
902 3047 930 3088 et
943 3047 1055 3088 recenti.
1073 3040 1233 3105 Paniopost

127 3101 179 3161 'aiat
190 3102 264 3152 abeat
274 3119 288 3151 a
300 3104 377 3156 codd.
388 3105 475 3154 Moeri.
488 3111 515 3152 et
527 3104 692 3166 Gueiph.-2
703 3107 763 3156 Vei.
773 3106 887 3154 Putean.
896 3105 1038 3168 experireris
1045 3121 1055 3163 ,·
1066 3105 1183 3168 Gueiph.
1194 3121 1232 3154 rx·

124 3167 236 3229 perieris.
271 3169 564 3227 M0x‚remediame1iora
581 3171 688 3233 cuspin.
700 3171 819 3219 Rirenan.
830 3171 920 3233 steph.
934 3171 1020 3218 Rivin·
1032 3170 1115 3219 Lirin.
1129 3171 1233 3220 remedie

127 3232 235 3280 molliora
245 3234 304 3282 Vet.
316 3233 427 3282 Putean.
438 3236 498 3283 Vet.
515 3235 597 3283 Lirin.
609 3237 711 3285 Bertin.
722 3236 808 3284 Moeri.
824 3236 903 3285 Grut.
920 3242 948 3282 et
965 3241 1077 3284 reeentt.
1091 3235 1162 3296 quad
1178 3237 1230 3299 jam

126 3293 262 3346 Acidaliae
278 3300 491 3361 suggerebat-³
511 3299 590 3355 Quam
605 3306 729 3363 extorques
740 3298 829 3350 Moerl.
841 3305 867 3349 et
881 3299 957 3349 deest
968 3300 994 3348 in
1006 3299 1066 3347 edd.
1080 3307 1148 3349 vett.
1159 3307 1230 3349 extat

128 3373 191 3411 vero
202 3363 227 3410 in
242 3363 341 3414 Betria.
354 3365 439 3415 Moerl.
451 3363 531 3415 Grut.
547 3365 633 3415 Paris.
645 3366 741 3415 Cetiar.
752 3365 869 3416 Petaroi.
896 3365 982 3428 Itaque
993 3369 1122 3427 extorques
1137 3366 1232 3416 ininiee

630 3492 738 3542 NOTAE

159 3583 547 3651 ¹¹Arteriafelicitatis]Adeptae
558 3592 658 3648 ratma-
700 3589 989 3652 tateFalsoSuspeeta.
1023 3589 1110 3639 Malta
1123 3591 1231 3655 ejusae-

126 3664 172 3713 κῶς
193 3664 302 3713 sumitur
320 3664 398 3714 Ovid.
418 3664 495 3714 Trist.
517 3670 599 3714 rv.8.
618 3669 658 3714 19.
700 3669 767 3716 neris
790 3669 925 3717 verborum
947 3668 1065 3731 exempla
1087 3676 1231 3732 suppetent

125 3739 188 3790 ‘Ne
199 3738 279 3789 cadat
289 3741 416 3789 etmultas
428 3740 527 3802 paimas
540 3741 658 3790 inhones·
699 3743 768 3807 apud
787 3748 916 3800 auctores,
934 3757 991 3808 qua
1009 3742 1052 3792 hic
1068 3757 1120 3807 ege
1132 3744 1230 3796 referre

127 3821 168 3866 tet
179 3816 287 3880 adeptae
299 3814 316 3876 ς’
334 3825 362 3866 et
380 3817 495 3866 Tullius:
514 3818 658 3869 ‘Saurom-
699 3820 827 3871 abstineo.

126 3897 179 3941 tem
200 3899 228 3939 at
246 3890 424 3951 adipiscantur
445 3905 533 3941 omnes
554 3899 658 3954 optant,
731 3896 739 3930 ¹
755 3896 870 3947 Remedia
885 3894 1007 3958 nwliiora]
1024 3895 1111 3946 Missis
1126 3898 1159 3947 ad
1173 3911 1229 3948 eum

122 3965 235 4014 eandem
248 3974 373 4016 accusant
385 3965 523 4027 adeptam)
550 3967 603 4017 Ubi
614 3969 659 4016 ali·
698 3974 793 4038 legatis
811 3975 831 4023 si
850 3972 920 4025 ferte
937 3971 1021 4023 foedus
1038 3987 1098 4023 eum
1116 3989 1149 4025 en
1166 3976 1229 4028 inire
1263 4010 1267 4019 ,

126 4040 171 4104 qui
184 4042 274 4103 tegunt
290 4042 379 4105 adepti,
397 4056 444 4104 pro
463 4043 589 4104 adeptam:
610 4042 656 4093 sed
699 4050 795 4098 veliet:
814 4049 882 4112 quod
907 4048 1020 4111 superbe
1035 4049 1077 4098 iile
1101 4052 1229 4101 recusavit

126 4119 204 4181 maie,
221 4127 250 4169 at
267 4120 389 4169 observat
406 4121 657 4184 HenricusStepha·
698 4124 789 4189 ejectis
809 4133 888 4188 atque
910 4125 1007 4172 eversis
1029 4139 1077 4188 per
1099 4141 1228 4177 summum

126 4208 174 4245 nur
196 4196 222 4246 iu
244 4197 398 4262 prefatione
421 4200 480 4250 iibri
502 4199 536 4249 de
558 4201 656 4256 Latini·
698 4201 835 4259 ludibrium
846 4200 1126 4252 Comtaatiuistatuis.
