2730 4726
472 307 530 354 nr..
554 306 910 355 enaunrruunranr.
1155 297 1242 361 1495

134 454 236 516 baros
250 457 382 516 movet:
408 469 449 514 ac
464 450 606 533 primum
624 464 706 512 vr11.
722 448 803 514 Kal.
817 448 930 515 Julius
953 449 1238 535 Augustodunum
1334 458 1335 462 ’

135 556 299 638 pervenit,
317 573 393 618 cum
417 550 696 637 cataphractariis
717 553 801 617 solis
822 559 857 617 et
876 554 1062 619 balistariis
1077 556 1242 621 Autosio·

136 658 257 720 dorum
273 664 308 720 et
320 655 501 720 Tricasses
517 653 702 739 derepente
717 661 876 738 occupat.
923 656 1008 721 Inde
1025 679 1084 742 per
1098 659 1241 738 Remos,
1315 668 1318 674 '

134 761 195 825 ubi
210 760 254 823 ab
270 758 420 823 Ursicini
436 777 631 822 successore
655 756 820 822 Marcello
842 768 948 842 atque
972 760 1057 824 adeo
1081 761 1242 827 Ursicino

135 863 213 946 ipso
226 882 301 926 curn
317 867 391 926 toto
404 862 556 925 exercitu
571 863 829 944 expectabatur,
843 862 885 926 ad
901 864 1138 946 Decempagos
1152 864 1243 928 Rbe-

135 983 284 1046 numque
299 971 468 1048 properat,
485 964 543 1027 ubi
560 964 812 1046 Brotomagum,
826 964 984 1041 (Alsatiae
1008 968 1120 1031 urbem
1139 967 1243 1032 hodie
1290 975 1292 979 '

137 1064 470 1147 Ronmanorum,
486 1065 670 1144 Alisonem,
687 1067 850 1132 Nemetas
865 1069 936 1132 siv'e
952 1069 1098 1152 Spiram,
1113 1070 1241 1153 Vangi-

135 1191 233 1249 onas,
250 1171 349 1236 hodie
379 1167 509 1246 Worms,
531 1177 567 1233 et
589 1168 798 1252 Mogentiam
824 1171 953 1251 recipit.
1000 1171 1103 1235 Nullo
1127 1173 1241 1257 itaque

134 1282 216 1357 post
229 1273 294 1338 hac
309 1280 527 1356 repugnante,
540 1277 750 1355 occupatam,
759 1277 798 1335 ut
812 1272 905 1336 aiunt
914 1272 1116 1337 Ammianus
1128 1282 1161 1338 et
1169 1276 1192 1340 J
1195 1273 1241 1338 ul.

133 1375 201 1459 Ep.
218 1376 261 1441 ad
275 1377 311 1442 S.
327 1377 368 1441 P·
387 1375 431 1453 Q.
451 1374 575 1439 Athen.
591 1383 672 1440 ante
698 1374 931 1440 meuses10.a
948 1376 1102 1439 barbaris
1119 1377 1242 1462 Agrip·

133 1481 264 1563 pinam,
284 1481 377 1544 circa
397 1479 606 1562 Septembris
618 1478 717 1544 finem
737 1485 920 1561 recuperat,
942 1479 1073 1542 territos
1091 1480 1241 1548 Francos

134 1582 180 1646 ad
194 1603 311 1667 pacem
338 1581 520 1666 petendam
547 1582 661 1665 adigit.
708 1580 871 1660 ‘Quibus
890 1581 1047 1645 vincendi
1064 1578 1240 1667 principiis

133 1686 234 1749 laetus
249 1685 417 1760 Julianus,
441 1704 500 1768 per
522 1683 689 1748 Treveros
710 1685 830 1747 transit
845 1684 1059 1765 hyematurus
1075 1688 1165 1770 apud
1180 1688 1239 1752 Se-

133 1804 253 1863 nonas,
268 1785 433 1870 cppidum
448 1793 530 1850 tunc
546 1784 795 1868 opportunum.'
839 1784 896 1849 Ita
915 1785 1120 1851 Ammianus.
1167 1789 1239 1857 Hic

131 1890 413 1973 potentissimum,
425 1895 463 1953 ut
473 1891 549 1972 ipse
562 1887 682 1973 aitEp.
694 1888 737 1954 ad
747 1888 783 1953 S.
797 1887 836 1952 Ρ.
848 1887 891 1967 Q.
914 1888 1040 1954 Athen.
1055 1894 1239 1960 exercitum

132 1994 210 2076 ipse
226 2011 300 2055 cum
316 1993 437 2076 paucis
450 1992 627 2071 militibus,
642 2012 719 2057 cum
735 1993 814 2056 nihil
830 1991 1022 2057 auxiliisibi
1038 2013 1060 2057 a
1075 1993 1238 2062 Marcello

132 2096 293 2176 magistro
317 2095 471 2180 equitum
494 2097 691 2173 mitteretur,
710 2102 791 2180 post
805 2102 1011 2160 menstruam
1027 2097 1238 2162 obsidionem

132 2196 288 2280 dissipat.
333 2198 381 2261 At
396 2193 580 2262 Marcellus
594 2197 838 2275 Mediolanum,
853 2199 912 2263 ubi
928 2198 1148 2264 Constantius
1164 2218 1236 2265 ver·

133 2302 282 2379 sebatur,
298 2307 335 2364 ut
349 2301 430 2366 facti
445 2302 498 2365 sui
512 2301 662 2366 redderet
683 2303 846 2367 rationem
870 2309 1043 2380 evocatus,
1060 2304 1237 2369 abdicatur

132 2403 284 2485 imperio,
299 2410 335 2466 et
352 2402 539 2481 Serdicam,
556 2424 632 2488 quae
655 2406 765 2488 patria
784 2404 858 2487 ejus
880 2409 964 2483 erat,
980 2406 1165 2490 ablegatur,
1181 2426 1235 2472 ea·

132 2506 209 2570 dem
225 2506 326 2589 epist.
343 2506 385 2570 ad
398 2505 433 2568 S.
448 2506 489 2570 P.
508 2505 554 2585 Q.
570 2505 694 2571 Athen.

175 2707 323 2776 A.U.C.
341 2725 435 2774 nex.
458 2705 583 2773 Christi
600 2723 764 2772 occurri.
787 2706 979 2773 Constantii
996 2708 1086 2790 Aug.
1103 2725 1190 2773 xxr.

426 2832 431 2844 ’
490 2811 878 2879 JulianiAEmr.xxv1.

177 2931 267 2996 Dum
283 2931 306 2996 J
307 2933 439 2996 ullauus
455 2931 572 2996 iterum
598 2932 717 2996 consul
742 2950 818 2996 sese
842 2936 955 2996 contra
972 2930 1160 2996 Germanos
1176 2947 1231 2995 ac-

130 3025 247 3118 cingit,
264 3020 461 3118 Lugdunum
477 3036 520 3098 ab
535 3037 579 3100 iis
594 3033 772 3108 invaditur,
787 3034 875 3098 unde
896 3043 1007 3100 tamen
1021 3034 1110 3099 baud
1125 3032 1232 3097 multo

129 3145 211 3222 post
232 3139 456 3222 expelluntur.
501 3134 595 3202 Idem
611 3136 697 3202 Tres
711 3136 895 3214 Tabernas,
910 3139 1146 3202 munimentum
1168 3136 1231 3199 Ar-

129 3247 304 3322 gentorato
329 3241 531 3325 proximum,
554 3238 745 3322 ad'Vogesi
769 3239 913 3318 radiceS,
940 3260 1007 3304 non
1031 3242 1080 3304 ita
1104 3240 1230 3323 pridem

130 3344 340 3431 subversum,
357 3344 541 3422 instaurat3
564 3349 690 3426 septem
707 3343 811 3423 totius
827 3341 1018 3406 Germaniae
1035 3344 1231 3427 potentissi-

129 3464 205 3509 mos
228 3462 332 3528 reges,
358 3438 675 3520 Chonodomarium,
696 3443 929 3528 Vestralpum,
956 3442 1086 3520 Urium,
1103 3445 1230 3510 Ursici-

129 3567 223 3625 num,
244 3548 477 3632 Serapionem,
502 3547 725 3626 Suomarium,
746 3554 780 3612 et
798 3546 993 3612 Hortarium
1017 3568 1083 3613 una
1105 3548 1230 3630 ingenti

128 3647 395 3734 difficillimoque
418 3651 539 3732 praelio
562 3651 718 3732 profligat
740 3652 773 3716 in
790 3652 920 3733 campis
943 3650 1230 3733 Argentoratensi-

128 3754 206 3816 bus.
238 3750 319 3816 Vid.
345 3752 516 3817 Ammian.
549 3752 711 3818 Julianus
741 3755 898 3838 captivos
925 3754 1011 3818 beno
1033 3753 1159 3817 multos
1185 3751 1229 3815 ad

100 3860 103 3864 ’
129 3854 365 3919 Constantium
381 3857 494 3930 mittit,
511 3857 569 3939 qui
593 3876 706 3921 eorum
730 3858 843 3941 specie
864 3865 898 3922 et
913 3856 1138 3938 magnitudine
1151 3874 1226 3938 per·

127 3956 248 4020 culsus
263 3962 326 4021 est.
371 3957 453 4021 ‘Ex
468 3955 645 4024 Alamauis
660 3956 831 4041 sex'mon
846 3961 900 4024 60.
915 3959 1051 4024 utmale
1067 3958 1227 4022 aitZosi·
1308 4013 1310 4016 .

127 4063 219 4138 mus)
233 4060 359 4125 ‘millia
381 4080 560 4145 corporum
574 4071 748 4129 numerata
762 4069 839 4128 sunt
857 4065 891 4126 in
908 4082 1029 4145 campo
1050 4069 1227 4146 prostrata,

125 4170 163 4226 et
174 4163 430 4235 inestimabiles
447 4174 651 4232 mortuorum
667 4169 777 4233 acervi
789 4186 847 4252 per
859 4165 967 4231 undas
981 4165 1129 4230 fluminis
1143 4165 1224 4229 sere·
