2730 4726
313 675 616 770 LECTORI
673 669 1058 768 BENEVOLO

585 947 621 1011 S.
657 945 698 1010 Ρ.
733 943 779 1008 D.

87 1176 91 1188 '
198 1198 475 1278 nemarcos
514 1194 762 1276 uoluens
803 1196 1166 1276 summamus,

526 1472 832 1485 m

133 1684 187 1772 M
189 1726 250 1774 rrrr
267 1710 417 1795 quidam,
431 1731 664 1796 saepenumero
678 1714 742 1780 bos
753 1713 984 1798 Panegyricos
999 1710 1230 1789 consideranti,

131 1831 272 1895 qnorum
298 1812 398 1880 fidem
423 1817 457 1880 in
480 1816 698 1882 contexendis
713 1817 838 1884 Patriae
861 1821 994 1892 nostres,
1012 1815 1075 1880 sub
1092 1812 1231 1877 Diocle·

129 1913 221 1978 tiano
248 1919 283 1978 et
307 1914 542 1996 Constantino,
566 1917 755 1984 Annalibus
778 1919 967 2003 praesertim
997 1924 1137 1983 secutus
1162 1922 1229 1994 est,

131 2017 286 2081 omnibus
297 2017 341 2082 ad
353 2018 542 2086 Historiam
555 2021 767 2086 scribendam
777 2020 951 2105 praesidiis
962 2024 1109 2104 paratos,
1121 2017 1141 2083 J
1146 2036 1230 2084 anns

130 2115 388 2201 Wagenaarius,
406 2143 558 2207 quosque
581 2127 761 2207 praeclaros
783 2131 819 2190 et
838 2123 937 2190 valde
960 2121 1146 2188 laudabiles
1169 2139 1229 2204 ap·

131 2220 237 2302 pellat
253 2221 473 2304 Pantanus;·
494 2226 603 2290 bonos
619 2226 839 2303 Oratores,et
858 2225 902 2290 ad
922 2222 1048 2290 Atticae
1072 2223 1226 2305 eloquen-

78 2355 82 2372 ν
132 2322 186 2388 tiae
203 2327 389 2408 exemplar,
415 2325 597 2412 Lipsins3b
619 2335 862 2414 praeceptorum
877 2327 1042 2411 regiorum
1059 2329 1225 2398 auctores,

132 2423 291 2493 Barthins
301 2435 333 2508 ;ο
348 2428 428 2493 mibi
441 2427 542 2512 igitur
557 2430 619 2497 hos
634 2430 862 2497 consideranti
878 2429 981 2494 dubia
997 2442 1229 2510 saepennmem

131 2526 190 2594 suit
205 2530 301 2604 ratio,
318 2528 397 2612 quid
413 2539 514 2609 esset,
529 2552 601 2611 cur,
616 2532 729 2600 iodea
745 2533 904 2608 Grutaro,
920 2530 956 2595 in
974 2528 1096 2595 iisdem
1111 2527 1229 2591 limane

132 2629 180 2697 dis
196 2630 282 2695 nihil
297 2632 476 2715 perfectius
490 2635 693 2719 protulerint
707 2637 769 2714 illi,
780 2636 839 2721 qui
854 2634 891 2702 in
904 2634 956 2699 bis
971 2629 1229 2706 elaboraverint,

132 2752 260 2805 summa
274 2726 428 2816 quamvis
451 2743 567 2802 essent
587 2737 787 2815 emditione,
799 2744 837 2803 et
849 2755 918 2802 non
934 2753 1040 2818 parva
1054 2734 1087 2797 in
1102 2731 1229 2796 talibus

132 2837 349 2917 anctoritate;
372 2837 458 2902 adeo
484 2839 628 2904 enimin
652 2841 749 2919 locis,
774 2839 876 2921 longa
897 2844 1086 2920 temporum
1107 2831 1229 2917 injuria

132 2935 272 3011 affectis,
295 2936 497 3020 negligenter
520 2942 648 3006 versati
671 2940 814 3017 fuerumt,
831 2944 869 3005 nt
890 2957 932 3002 nc
951 2936 1061 3004 libelli.
1078 2934 1229 3020 quidem,
1260 2984 1266 2991 .

130 3057 193 3121 quo
209 3037 379 3102 variantes
394 3059 438 3104 ex
453 3040 551 3106 codd.
567 3042 683 3109 Veteri
699 3050 734 3109 et
748 3041 932 3116 Vaticano,
947 3038 1113 3105 lectiones
1126 3036 1227 3102 Glau-

131 3139 176 3204 dii
203 3139 350 3204 Puteani
369 3141 536 3209 industria
561 3150 787 3226 congesserat,
806 3142 909 3208 ullam
930 3140 1105 3205 habuerint
1123 3138 1228 3216 ratio·

130 3249 215 3320 nem,
231 3243 389 3325 quamvis
403 3244 479 3309 illos
496 3265 540 3311 ex
554 3246 608 3312 ad.
631 3247 816 3312 Parisieosi
832 3245 945 3329 sugere
961 3261 1028 3306 non
1044 3241 1227 3319 debuisset,

130 3345 285 3429 tantique
310 3351 403 3410 esset
426 3348 536 3431 pretii,
560 3353 594 3414 ut
612 3367 658 3428 ax
680 3350 720 3414 eo
735 3347 997 3434 quamplurima
1012 3344 1227 3408 restitnifeli-

131 3446 268 3512 cissime
290 3448 486 3531 potuissent.
533 3450 570 3516 Is
595 3451 726 3518 demum
751 3456 824 3517 erat
848 3447 1054 3514 clarissimus
1074 3444 1227 3510 Schwar-

130 3548 214 3626 nius,
230 3568 251 3614 a
265 3547 365 3633 cujus
379 3550 597 3635 intelligentia
611 3553 675 3619 boc
691 3574 760 3619 non
773 3560 845 3619 erat
859 3554 1033 3626 remotum,
1045 3566 1135 3625 curn,
1152 3547 1228 3613 aliis

130 3669 267 3734 quoque
290 3651 388 3717 codd.
412 3653 563 3739 adjutus,
580 3655 623 3720 ad
643 3662 820 3739 utrumque
836 3649 1031 3718 Mamertini
1045 3648 1226 3731 Panegyri-

130 3771 210 3818 cum
231 3772 307 3819 sese
326 3755 514 3839 applicaret
536 3759 830 3828 observationibus
851 3753 1095 3830 illustrandum,
1111 3751 1229 3817 admo·⁴

161 3962 173 3990 ⁸
190 3953 233 4004 Ad
244 3950 406 4006 Macrobium
418 3957 522 4010 Saturn.
535 3973 560 4011 v.
573 3964 612 4012 lt.
699 3965 756 4012 265.
776 3959 843 4010 adde
862 3958 911 4009 viri
930 3957 962 4008 cl.
977 3953 1106 4020 judicium
1131 3950 1157 4000 in
1181 3951 1227 4002 Bi·

162 4032 173 4066 δ
191 4033 264 4095 ΟΡΡ·
275 4033 305 4081 Τ·
318 4039 337 4083 ¹3
349 4047 374 4097 Ρ·
386 4038 442 4085 1⁰⁴·
699 4038 788 4091 bliotb·
799 4035 888 4090 critic·
900 4034 950 4085 vol.
963 4045 993 4082 rr.
1006 4036 1074 4096 part.
1086 4040 1105 4078 1.
1117 4042 1143 4093 p.
1156 4031 1195 4097 lo.

161 4117 172 4143 s
190 4107 231 4156 Ad
250 4107 386 4160 claudian.
403 4109 481 4165 Com.
500 4112 600 4164 Honor.
617 4128 658 4166 ιν.
976 4110 978 4115 ’
1124 4108 1127 4112 ’
1214 4124 1220 4131 ·
