2730 4726
493 305 640 356 anunm
664 272 874 358 nonnemo.
1144 265 1234 361 11117

172 451 227 517 Χ.
263 467 340 516 ΧΠ.
370 451 569 543 Bnnegyrici
593 450 745 528 Veteres,
771 452 940 531 recensiti,
967 455 1002 517 et
1027 452 1186 521 illustrati
1206 450 1235 522 a

137 553 209 619 Chr.
225 554 383 620 Gellario.
423 553 526 618 Halae
543 553 703 667 Magdeh.
718 554 814 620 1703.
829 553 861 618 8.
897 551 1031 620 Textus
1044 563 1097 622 est
1112 557 1237 625 Grute-

133 658 260 733 rianus,
274 656 432 740 exceptis
447 657 627 736 nonnullis,
643 657 677 721 in
699 657 824 741 quibus
845 657 1026 737 Oellarius,
1049 663 1170 744 partim
1194 661 1236 727 li·-

131 759 303 837 broruma
322 759 478 825 Livineio
499 761 698 829 collatorum
719 761 930 836 auctoritate,
954 762 1077 844 partim
1101 765 1234 849 conjec-

126 862 219 929 -turis
234 863 381 928 virorum
397 864 573 929 ductorum
589 853 712 929 ductus
727 864 771 928 ab
785 883 827 928 eo
843 863 997 929 discedit.
1043 864 1237 932 Anuotatio

129 964 244 1028 brevis
261 972 326 1042 est,
342 965 456 1040 docta,
474 986 539 1031 uno
559 967 671 1045 verbo,
688 966 888 1031 Oellariana.

172 1065 248 1131 Xl.
272 1065 471 1152 Panegyrici
486 1068 650 1135 Veteres:
674 1055 968 1153 Interpretatione,
984 1076 1017 1135 et
1036 1070 1126 1136 notis
1140 1071 1234 1136 illos-

129 1169 229 1232 travit
251 1167 329 1233 Jac.
353 1168 408 1233 De
432 1171 467 1234 la
489 1170 621 1235 Baone.
666 1169 787 1236 Venet.
810 1171 908 1237 1728.
930 1173 965 1236 4.
1009 1172 1235 1237 Parisiensem

127 1270 259 1336 Baunii
278 1271 467 1348 editionem,
491 1294 568 1357 queo
587 1259 755 1338 661677.
776 1273 915 1357 prodiit,
931 1273 1022 1338 nullo
1037 1279 1138 1357 puoto
1152 1293 1235 1338 nan-

128 1373 218 1438 cisci
243 1375 360 1457 putui;
383 1394 426 1439 ac
450 1374 589 1459 proinde
611 1375 677 1440 hoc
692 1374 823 1441 Catone
838 1374 1029 1441 debuiesse
1045 1381 1234 1441 contentus.

128 1472 225 1552 Quia
238 1495 318 1541 vero
334 1476 538 1561 adpriorem
556 1478 645 1542 illam
661 1476 736 1542 haec
752 1476 885 1542 Veneta
904 1496 1066 1561 expressa
1088 1483 1149 1555 est,
1165 1478 1234 1544 Pa-

127 1577 286 1649 risiensis
307 1580 511 1664 ¹posterioris
541 1580 676 1644 nomine
702 1579 867 1644 interdum
896 1599 921 1644 a
948 1600 1001 1645 me
1032 1581 1232 1664 appellatur.

128 1679 280 1746 Textum
295 1681 453 1751 Baunius¹
465 1685 613 1750 servavit
627 1683 781 1763 Puteani,
796 1682 845 1749 ita
862 1689 983 1758 tamen,
1001 1687 1038 1747 ut
1053 1703 1116 1747 non
1131 1684 1235 1749 modo

129 1801 265 1847 errores
286 1782 514 1868 typothetidos
539 1783 772 1863 emendaverit,
793 1784 855 1849 sed
880 1786 983 1850 etiam
1001 1786 1170 1850 meliorem
1186 1786 1233 1850 in-

128 1883 264 1949 terdum
281 1906 324 1951 ex
339 1886 618 1971 conjectoriam]
633 1887 739 1966 libris,
756 1887 921 1986 interdum
937 1906 1020 1951 vero
1036 1886 1233 1952 deteriorem

127 1987 310 2052 lectionem
336 1990 370 2053 in
399 2009 475 2055 eum
501 1989 672 2070 intulerit3
700 1995 847 2055 ceterum
871 2009 893 2054 a
917 1988 1080 2053 subsidiis
1105 1986 1235 2054 criticis

129 2089 235 2155 valde
250 2078 439 2173 imparatus
458 2092 495 2156 id
510 2093 576 2156 sibi
592 2092 716 2174 negotii
729 2092 846 2156 datum
863 2109 940 2154 esse
956 2090 1112 2167 credidit,
1127 2096 1161 2154 ut
1176 2111 1235 2156 ex·

128 2193 316 2277 plicatione
329 2196 503 2263 verborum
529 2195 780 2279 qualicumque,
796 2192 1004 2276 diligentiore
1024 2212 1144 2270 rerum,
1160 2195 1239 2278 'quis

128 2297 196 2360 bus
212 2314 257 2359 ex
270 2295 410 2361 historia
420 2303 455 2362 et
464 2305 650 2380 temporum
660 2295 790 2362 ratione
806 2294 1012 2360 declarandis
1024 2314 1159 2379 operam
1169 2317 1235 2363 non

128 2397 461 2477 inutilemnav'avit,
488 2398 737 2482 defungeretur3
772 2404 892 2480 estque
923 2396 1023 2475 adeo,
1051 2404 1087 2463 ut
1113 2400 1235 2481 paucis

130 2500 353 2584 complectar,
374 2520 459 2565 unus
479 2521 524 2565 ex
543 2501 657 2566 multis
670 2502 739 2565 illis
755 2501 997 2583 Interpretibus
1014 2499 1239 2585 Delphinicim

128 2599 215 2669 Vid.
229 2601 393 2669 Schwarz.
409 2603 434 2666 1.
448 2623 479 2668 6.
495 2624 530 2688 p.
545 2605 621 2668 750.
644 2603 808 2668 Biblioth.
824 2602 898 2668 Lat.
913 2623 948 2687 p.
964 2603 1040 2668 429.

177 2701 272 2770 XII.
294 2704 514 2790 Panegyrieae
527 2703 709 2771 Orationes
726 2703 887 2770 Veterum
905 2705 1095 2770 Oratorum.
1130 2701 1236 2770 Notis

131 2826 177 2871 ac
191 2805 336 2870 nummis
356 2806 545 2887 illustravit,
564 2815 600 2872 et
622 2808 778 2873 Italicam
795 2807 1096 2890 interpretationem
1113 2806 1237 2889 adjecit

132 2909 238 2974 Laur.
252 2906 404 2987 Patarul,
419 2908 585 2985 Venetus,
599 2911 647 2986 (in
662 2909 735 2994 ejus
752 2909 860 2992 Opp.)
873 2905 995 2971 Venet.
1006 2907 1103 2992 1743.
1118 2909 1152 2972 4.
1196 2906 1237 2973 si

131 3012 212 3094 quis
226 3029 373 3094 unquam
389 3010 760 3095 festiva'praesidiorum
776 3009 877 3093 copia
888 3011 1068 3076 instructus
1081 3011 1122 3076 ad
1138 3010 1236 3083 eden?

131 3114 196 3178 das
210 3113 316 3179 hasce
331 3112 511 3180 Orationes
535 3117 695 3194 accessit,
712 3115 743 3180 is
759 3123 850 3180 certe
865 3114 930 3178 luit
947 3114 1096 3179 Patarol.
1141 3114 1236 3180 Usus

132 3221 188 3280 est
203 3215 279 3280 edd.
296 3215 400 3301 Cusp.
415 3216 523 3281 Rhen.
538 3211 656 3296 Navii,
671 3215 808 3293 (Venet.
818 3215 929 3295 1576.)
951 3216 1107 3295 Livineii,
1123 3215 1236 3281 Gene-

132 3318 296 3384 vensibus
312 3319 455 3397 duabus,
475 3319 760 3385 611666661638.
785 3317 890 3384 altera
913 3337 968 3382 an.
982 3317 1080 3382 1663.
1095 3338 1237 3396 excusa,

130 3423 179 3504 (si
208 3440 420 3488 numerorum
449 3429 538 3489 notae
555 3424 631 3487 'non
660 3417 810 3504 fallunt)
835 3419 1035 3497 Parisiensi,
1060 3439 1114 3484 an.
1137 3421 1235 3486 1655.

131 3530 226 3610 (qum
238 3525 391 3609 repetitio
408 3530 458 3590 est
469 3526 664 3606 Puteuneee,
677 3543 730 3588 un.
740 3522 837 3587 1643.
855 3521 1063 3605 publicatae,)
1076 3522 1189 3598 altera,
1201 3523 1236 3585 in

133 3647 234 3692 nsum
250 3626 410 3712 Delphini
424 3642 458 3692 'a
480 3627 613 3691 Baunio
634 3630 814 3713 procurata
838 3642 895 3688 an.
908 3622 1006 3688 1677.
1032 3621 1235 3687 Cellariana.

131 3729 301 3795 Adhibuit
315 3728 390 3794 cod.
407 3727 474 3793 Ms.
489 3747 536 3792 ex
551 3726 767 3792 Bibliotheca
780 3725 900 3808 'patria
923 3724 969 3788 D.
984 3723 1106 3804 Marci,
1132 3721 1237 3786 colla·

132 3832 262 3898 tionem
278 3830 376 3897 trium
391 3830 490 3895 codd.
503 3828 759 3919 Vaticanorum,
774 3832 807 3891 et
823 3826 952 3891 codicis
968 3825 1036 3890 Ms.
1046 3844 1091 3890 ex
1107 3822 1236 3888 Biblio-

132 3927 339 4019 theca,'quee
357 3931 546 3998 Mediolani
565 3917 626 4008 est,
641 3931 878 3996 Ambrosiana.
923 3927 1103 3993 Consuluit
1118 3943 1235 3990 omnes

133 4040 331 4122 interpretes
356 4042 389 4101 et
417 4035 563 4110 criticos,
589 4035 645 4119 qui
673 4034 851 4098 Orationes
878 4031 981 4095 hasce
1015 4028 1235 4093 illustrarunt.

133 4138 280 4206 Addidit
295 4156 460 4214 nummos,
479 4137 536 4222 qui
558 4136 615 4201 vel
640 4138 867 4219 imperatores,
890 4150 1068 4214 eorumque
1089 4130 1236 4195 familias

134 4247 300 4328 spectent,
314 4241 369 4307 vel
383 4259 439 4308 res
455 4241 499 4306 ab
515 4239 557 4305 iis
573 4245 695 4323 gestas,
709 4241 770 4304 &a
784 4237 961 4303 declarant.
999 4233 1087 4313 Quis
1102 4238 1237 4318 propter
