<?xml version="1.0" encoding="UTF-8"?>
<!DOCTYPE html PUBLIC "-//W3C//DTD XHTML 1.0 Transitional//EN"
    "http://www.w3.org/TR/xhtml1/DTD/xhtml1-transitional.dtd">
<html xmlns="http://www.w3.org/1999/xhtml" xml:lang="en" lang="en">
 <head>
  <title>
</title>
<meta http-equiv="Content-Type" content="text/html;charset=utf-8" />
  <meta name='ocr-system' content='tesseract 3.04.00' />
  <meta name='ocr-capabilities' content='ocr_page ocr_carea ocr_par ocr_line ocrx_word'/>
</head>
<body>
  <div class='ocr_page' id='page_1' title='image "./panegyriciveter01baungoog_0263.png"; bbox 0 0 2730 4726; ppageno 0'>
   <div class='ocr_carea' id='block_1_1' title="bbox 126 276 944 347">
    <p class='ocr_par' dir='ltr' id='par_1_1' title="bbox 126 276 944 347">
     <span class='ocr_line' id='line_1_1' title="bbox 126 276 944 347; baseline -0.017 0"><span class='ocrx_word' id='word_1_1' title='bbox 126 276 212 347; x_wconf 71' lang='lat'><strong>1850</strong></span> <span class='ocrx_word' id='word_1_2' title='bbox 444 289 610 342; x_wconf 76' lang='lat' dir='ltr'><strong>uuuuuu</strong></span> <span class='ocrx_word' id='word_1_3' title='bbox 634 287 904 340; x_wconf 74' lang='lat' dir='ltr'><strong>esuucrurcus</strong></span> <span class='ocrx_word' id='word_1_4' title='bbox 934 302 944 333; x_wconf 63' lang='lat'><strong>2</strong></span> 
     </span>
    </p>
   </div>
   <div class='ocr_carea' id='block_1_2' title="bbox 126 431 1235 1858">
    <p class='ocr_par' dir='ltr' id='par_1_2' title="bbox 126 431 1228 932">
     <span class='ocr_line' id='line_1_2' title="bbox 127 431 1228 520; baseline -0.005 -14"><span class='ocrx_word' id='word_1_5' title='bbox 127 440 187 506; x_wconf 82' lang='lat' dir='ltr'><strong>sed</strong></span> <span class='ocrx_word' id='word_1_6' title='bbox 202 439 304 504; x_wconf 85' lang='lat' dir='ltr'><strong>etiam</strong></span> <span class='ocrx_word' id='word_1_7' title='bbox 319 436 485 501; x_wconf 82' lang='lat' dir='ltr'><strong>feritatem</strong></span> <span class='ocrx_word' id='word_1_8' title='bbox 504 453 627 520; x_wconf 81' lang='lat' dir='ltr'><strong>ponere</strong></span> <span class='ocrx_word' id='word_1_9' title='bbox 643 439 847 516; x_wconf 71' lang='lat' dir='ltr'><strong>cogerentur.</strong></span> <span class='ocrx_word' id='word_1_10' title='bbox 889 433 926 498; x_wconf 77' lang='grc'><strong>4.</strong></span> <span class='ocrx_word' id='word_1_11' title='bbox 951 431 1140 518; x_wconf 83' lang='lat' dir='ltr'><strong>Numquid</strong></span> <span class='ocrx_word' id='word_1_12' title='bbox 1156 455 1228 518; x_wconf 76' lang='lat' dir='ltr'><strong>ego</strong></span> 
     </span>
     <span class='ocr_line' id='line_1_3' title="bbox 127 534 1228 624; baseline -0.01 -16"><span class='ocrx_word' id='word_1_13' title='bbox 127 545 170 608; x_wconf 89' lang='lat' dir='ltr'><strong>de</strong></span> <span class='ocrx_word' id='word_1_14' title='bbox 183 540 377 624; x_wconf 82' lang='lat' dir='ltr'>receptione</span> <span class='ocrx_word' id='word_1_15' title='bbox 393 538 580 603; x_wconf 68' lang='lat' dir='ltr'><strong>Britannice</strong></span> <span class='ocrx_word' id='word_1_16' title='bbox 595 536 738 619; x_wconf 82' lang='lat' dir='ltr'><strong>loquuti</strong></span> <span class='ocrx_word' id='word_1_17' title='bbox 754 534 798 600; x_wconf 84' lang='lat' dir='ltr'><strong>ed</strong></span> <span class='ocrx_word' id='word_1_18' title='bbox 812 554 914 619; x_wconf 75' lang='lat' dir='ltr'><strong>quum</strong></span> <span class='ocrx_word' id='word_1_19' title='bbox 928 535 979 600; x_wconf 83' lang='lat' dir='ltr'><strong>ite</strong></span> <span class='ocrx_word' id='word_1_20' title='bbox 993 537 1110 620; x_wconf 89' lang='lat' dir='ltr'><strong>quieto</strong></span> <span class='ocrx_word' id='word_1_21' title='bbox 1124 535 1228 604; x_wconf 71' lang='lat' dir='ltr'><strong>marii</strong></span> 
     </span>
     <span class='ocr_line' id='line_1_4' title="bbox 126 638 1226 728; baseline -0.005 -18"><span class='ocrx_word' id='word_1_22' title='bbox 126 645 309 728; x_wconf 81' lang='lat' dir='ltr'><strong>navigavit,</strong></span> <span class='ocrx_word' id='word_1_23' title='bbox 329 649 367 708; x_wconf 87' lang='lat' dir='ltr'><strong>ut</strong></span> <span class='ocrx_word' id='word_1_24' title='bbox 386 660 534 707; x_wconf 84' lang='lat' dir='ltr'><strong>oceanus</strong></span> <span class='ocrx_word' id='word_1_25' title='bbox 546 639 615 710; x_wconf 85' lang='lat' dir='ltr'><strong>iile,</strong></span> <span class='ocrx_word' id='word_1_26' title='bbox 630 645 722 704; x_wconf 84' lang='lat' dir='ltr'><strong>tauto</strong></span> <span class='ocrx_word' id='word_1_27' title='bbox 738 646 875 703; x_wconf 84' lang='lat' dir='ltr'><strong>vectore</strong></span> <span class='ocrx_word' id='word_1_28' title='bbox 889 638 1116 721; x_wconf 82' lang='lat' dir='ltr'><strong>stupefactus,</strong></span> <span class='ocrx_word' id='word_1_29' title='bbox 1130 659 1226 705; x_wconf 87' lang='lat' dir='ltr'><strong>ceru-</strong></span> 
     </span>
     <span class='ocr_line' id='line_1_5' title="bbox 127 742 1227 826; baseline -0.004 -14"><span class='ocrx_word' id='word_1_30' title='bbox 127 748 195 812; x_wconf 83' lang='lat' dir='ltr'><strong>iuse</strong></span> <span class='ocrx_word' id='word_1_31' title='bbox 209 746 281 812; x_wconf 89' lang='lat' dir='ltr'><strong>suis</strong></span> <span class='ocrx_word' id='word_1_32' title='bbox 294 745 446 811; x_wconf 88' lang='lat' dir='ltr'><strong>motibus</strong></span> <span class='ocrx_word' id='word_1_33' title='bbox 460 744 647 823; x_wconf 77' lang='lat' dir='ltr'><strong>videretu13</strong></span> <span class='ocrx_word' id='word_1_34' title='bbox 668 743 717 806; x_wconf 82' lang='lat' dir='ltr'><strong>itu</strong></span> <span class='ocrx_word' id='word_1_35' title='bbox 732 747 915 826; x_wconf 84' lang='lat' dir='ltr'><strong>pervectus,</strong></span> <span class='ocrx_word' id='word_1_36' title='bbox 930 747 967 807; x_wconf 90' lang='lat' dir='ltr'><strong>ut</strong></span> <span class='ocrx_word' id='word_1_37' title='bbox 981 759 1048 807; x_wconf 92' lang='lat' dir='ltr'><strong>uon</strong></span> <span class='ocrx_word' id='word_1_38' title='bbox 1063 742 1227 809; x_wconf 79' lang='lat' dir='ltr'><strong>comitutu</strong></span> 
     </span>
     <span class='ocr_line' id='line_1_6' title="bbox 129 845 751 932; baseline -0.01 -16"><span class='ocrx_word' id='word_1_39' title='bbox 129 852 221 916; x_wconf 89' lang='lat' dir='ltr'><strong>illum</strong></span> <span class='ocrx_word' id='word_1_40' title='bbox 235 849 290 925; x_wconf 88' lang='lat' dir='ltr'><strong>sit,</strong></span> <span class='ocrx_word' id='word_1_41' title='bbox 311 848 373 912; x_wconf 89' lang='lat' dir='ltr'><strong>sed</strong></span> <span class='ocrx_word' id='word_1_42' title='bbox 389 846 584 932; x_wconf 85' lang='lat' dir='ltr'><strong>proestoluta</strong></span> <span class='ocrx_word' id='word_1_43' title='bbox 598 845 751 913; x_wconf 80' lang='lat' dir='ltr'><strong>victoria.</strong></span> 
     </span>
    </p>

    <p class='ocr_par' dir='ltr' id='par_1_3' title="bbox 131 949 1235 1858">
     <span class='ocr_line' id='line_1_7' title="bbox 174 949 1227 1034; baseline 0 -16"><span class='ocrx_word' id='word_1_44' title='bbox 174 952 264 1018; x_wconf 72' lang='lat' dir='ltr'><strong>Gir.</strong></span> <span class='ocrx_word' id='word_1_45' title='bbox 279 949 339 1018; x_wconf 87' lang='lat' dir='ltr'>&#39;v1.</span> <span class='ocrx_word' id='word_1_46' title='bbox 379 951 412 1015; x_wconf 94' lang='grc'><strong>1.</strong></span> <span class='ocrx_word' id='word_1_47' title='bbox 435 949 528 1029; x_wconf 87' lang='lat' dir='ltr'>Quid</span> <span class='ocrx_word' id='word_1_48' title='bbox 552 950 594 1014; x_wconf 87' lang='lat' dir='ltr'><strong>de</strong></span> <span class='ocrx_word' id='word_1_49' title='bbox 623 949 851 1015; x_wconf 76' lang='lat' dir='ltr'><strong>misericordia</strong></span> <span class='ocrx_word' id='word_1_50' title='bbox 875 950 998 1030; x_wconf 82' lang='lat' dir='ltr'><strong>dicum,</strong></span> <span class='ocrx_word' id='word_1_51' title='bbox 1029 971 1096 1034; x_wconf 82' lang='lat' dir='ltr'><strong>que</strong></span> <span class='ocrx_word' id='word_1_52' title='bbox 1126 951 1227 1018; x_wconf 78' lang='lat' dir='ltr'><strong>victis</strong></span> 
     </span>
     <span class='ocr_line' id='line_1_8' title="bbox 131 1053 1228 1140; baseline 0.001 -19"><span class='ocrx_word' id='word_1_53' title='bbox 131 1056 380 1140; x_wconf 73' lang='lat' dir='ltr'><strong>temperaritt⁸</strong></span> <span class='ocrx_word' id='word_1_54' title='bbox 412 1053 550 1139; x_wconf 85' lang='lat' dir='ltr'><strong>quidde</strong></span> <span class='ocrx_word' id='word_1_55' title='bbox 564 1054 712 1139; x_wconf 81' lang='lat' dir='ltr'><strong>justitie,</strong></span> <span class='ocrx_word' id='word_1_56' title='bbox 732 1073 800 1138; x_wconf 85' lang='lat' dir='ltr'><strong>qua</strong></span> <span class='ocrx_word' id='word_1_57' title='bbox 818 1055 971 1139; x_wconf 79' lang='lat' dir='ltr'><strong>spolietis</strong></span> <span class='ocrx_word' id='word_1_58' title='bbox 987 1056 1116 1135; x_wconf 76' lang='lat' dir='ltr'><strong>emissa</strong></span> <span class='ocrx_word' id='word_1_59' title='bbox 1134 1060 1228 1122; x_wconf 79' lang='lat' dir='ltr'><strong>sesti·</strong></span> 
     </span>
     <span class='ocr_line' id='line_1_9' title="bbox 132 1158 1228 1244; baseline 0.003 -21"><span class='ocrx_word' id='word_1_60' title='bbox 132 1159 221 1224; x_wconf 85' lang='lat' dir='ltr'><strong>tuitt</strong></span> <span class='ocrx_word' id='word_1_61' title='bbox 243 1158 327 1244; x_wconf 89' lang='lat' dir='ltr'><strong>quid</strong></span> <span class='ocrx_word' id='word_1_62' title='bbox 345 1159 389 1223; x_wconf 89' lang='lat' dir='ltr'><strong>de</strong></span> <span class='ocrx_word' id='word_1_63' title='bbox 407 1158 624 1242; x_wconf 83' lang='lat' dir='ltr'><strong>providentie,</strong></span> <span class='ocrx_word' id='word_1_64' title='bbox 645 1177 714 1242; x_wconf 82' lang='lat' dir='ltr'><strong>quc</strong></span> <span class='ocrx_word' id='word_1_65' title='bbox 730 1158 835 1222; x_wconf 90' lang='lat' dir='ltr'><strong>sociis</strong></span> <span class='ocrx_word' id='word_1_66' title='bbox 858 1159 925 1223; x_wconf 90' lang='lat' dir='ltr'><strong>sibi</strong></span> <span class='ocrx_word' id='word_1_67' title='bbox 942 1159 1124 1244; x_wconf 86' lang='lat' dir='ltr'><strong>junctis-sc</strong></span> <span class='ocrx_word' id='word_1_68' title='bbox 1138 1161 1228 1244; x_wconf 57' lang='lat' dir='ltr'><strong>ejus*</strong></span> 
     </span>
     <span class='ocr_line' id='line_1_10' title="bbox 132 1250 1232 1347; baseline 0.002 -20"><span class='ocrx_word' id='word_1_69' title='bbox 132 1261 225 1327; x_wconf 86' lang='lat' dir='ltr'><strong>modi</strong></span> <span class='ocrx_word' id='word_1_70' title='bbox 236 1260 385 1345; x_wconf 87' lang='lat' dir='ltr'><strong>judicem</strong></span> <span class='ocrx_word' id='word_1_71' title='bbox 400 1258 522 1339; x_wconf 56' lang='lat' dir='ltr'><strong>dedit*</strong></span> <span class='ocrx_word' id='word_1_72' title='bbox 543 1267 581 1326; x_wconf 93' lang='lat' dir='ltr'><strong>ut</strong></span> <span class='ocrx_word' id='word_1_73' title='bbox 595 1262 788 1326; x_wconf 85' lang='lat' dir='ltr'><strong>servitutem</strong></span> <span class='ocrx_word' id='word_1_74' title='bbox 802 1280 927 1344; x_wconf 84' lang='lat' dir='ltr'><strong>pessos</strong></span> <span class='ocrx_word' id='word_1_75' title='bbox 935 1261 1071 1345; x_wconf 83' lang='lat' dir='ltr'><strong>juvaret</strong></span> <span class='ocrx_word' id='word_1_76' title='bbox 1089 1250 1232 1347; x_wconf 75' lang='lat' dir='ltr'><strong>receptu</strong></span> 
     </span>
     <span class='ocr_line' id='line_1_11' title="bbox 132 1362 1232 1449; baseline 0.002 -21"><span class='ocrx_word' id='word_1_77' title='bbox 132 1364 286 1442; x_wconf 82' lang='lat' dir='ltr'><strong>libertus,</strong></span> <span class='ocrx_word' id='word_1_78' title='bbox 301 1365 410 1448; x_wconf 81' lang='lat' dir='ltr'><strong>culpae</strong></span> <span class='ocrx_word' id='word_1_79' title='bbox 435 1363 592 1428; x_wconf 86' lang='lat' dir='ltr'><strong>conscios</strong></span> <span class='ocrx_word' id='word_1_80' title='bbox 611 1362 656 1427; x_wconf 84' lang='lat' dir='ltr'><strong>ud</strong></span> <span class='ocrx_word' id='word_1_81' title='bbox 680 1362 908 1446; x_wconf 80' lang='lat' dir='ltr'><strong>poeniteutiam</strong></span> <span class='ocrx_word' id='word_1_82' title='bbox 934 1369 1110 1429; x_wconf 81' lang='lat' dir='ltr'><strong>revocerct</strong></span> <span class='ocrx_word' id='word_1_83' title='bbox 1123 1365 1232 1449; x_wconf 80' lang='lat' dir='ltr'><strong>impu·</strong></span> 
     </span>
     <span class='ocr_line' id='line_1_12' title="bbox 134 1466 1233 1550; baseline 0.001 -18"><span class='ocrx_word' id='word_1_84' title='bbox 134 1468 248 1532; x_wconf 82' lang='lat' dir='ltr'><strong>nitasi</strong></span> <span class='ocrx_word' id='word_1_85' title='bbox 292 1467 324 1531; x_wconf 80' lang='lat'><strong>2.</strong></span> <span class='ocrx_word' id='word_1_86' title='bbox 349 1466 441 1546; x_wconf 85' lang='lat' dir='ltr'><strong>Quid</strong></span> <span class='ocrx_word' id='word_1_87' title='bbox 462 1466 583 1550; x_wconf 85' lang='lat' dir='ltr'><strong>loquar</strong></span> <span class='ocrx_word' id='word_1_88' title='bbox 601 1485 719 1530; x_wconf 88' lang='lat' dir='ltr'><strong>rursus</strong></span> <span class='ocrx_word' id='word_1_89' title='bbox 740 1466 875 1531; x_wconf 84' lang='lat' dir='ltr'><strong>intimes</strong></span> <span class='ocrx_word' id='word_1_90' title='bbox 896 1466 1052 1532; x_wconf 83' lang='lat' dir='ltr'><strong>Freuciee</strong></span> <span class='ocrx_word' id='word_1_91' title='bbox 1066 1467 1233 1546; x_wconf 79' lang='lat' dir='ltr'><strong>nationes,</strong></span> 
     </span>
     <span class='ocr_line' id='line_1_13' title="bbox 131 1568 1234 1654; baseline 0 -20"><span class='ocrx_word' id='word_1_92' title='bbox 131 1570 203 1654; x_wconf 80' lang='lat' dir='ltr'><strong>jam</strong></span> <span class='ocrx_word' id='word_1_93' title='bbox 226 1590 292 1634; x_wconf 93' lang='lat' dir='ltr'><strong>uou</strong></span> <span class='ocrx_word' id='word_1_94' title='bbox 307 1571 350 1634; x_wconf 85' lang='lat' dir='ltr'><strong>ab</strong></span> <span class='ocrx_word' id='word_1_95' title='bbox 375 1571 417 1634; x_wconf 91' lang='lat' dir='ltr'><strong>iis</strong></span> <span class='ocrx_word' id='word_1_96' title='bbox 436 1570 537 1645; x_wconf 89' lang='lat' dir='ltr'><strong>locis,</strong></span> <span class='ocrx_word' id='word_1_97' title='bbox 557 1589 635 1654; x_wconf 84' lang='lat' dir='ltr'><strong>quae</strong></span> <span class='ocrx_word' id='word_1_98' title='bbox 656 1568 736 1633; x_wconf 90' lang='lat' dir='ltr'><strong>olim</strong></span> <span class='ocrx_word' id='word_1_99' title='bbox 759 1569 907 1635; x_wconf 81' lang='lat' dir='ltr'><strong>Romani</strong></span> <span class='ocrx_word' id='word_1_100' title='bbox 922 1569 1119 1649; x_wconf 78' lang='lat' dir='ltr'><strong>invaserunt,</strong></span> <span class='ocrx_word' id='word_1_101' title='bbox 1133 1570 1234 1634; x_wconf 80' lang='lat' dir='ltr'><strong>sede</strong></span> 
     </span>
     <span class='ocr_line' id='line_1_14' title="bbox 136 1668 1235 1758; baseline -0.001 -21"><span class='ocrx_word' id='word_1_102' title='bbox 136 1674 280 1758; x_wconf 88' lang='lat' dir='ltr'><strong>propriis</strong></span> <span class='ocrx_word' id='word_1_103' title='bbox 295 1693 340 1737; x_wconf 84' lang='lat' dir='ltr'><strong>ex</strong></span> <span class='ocrx_word' id='word_1_104' title='bbox 354 1668 493 1755; x_wconf 83' lang='lat' dir='ltr'><strong>origiuei</strong></span> <span class='ocrx_word' id='word_1_105' title='bbox 516 1673 570 1736; x_wconf 88' lang='lat' dir='ltr'><strong>sui</strong></span> <span class='ocrx_word' id='word_1_106' title='bbox 585 1671 731 1752; x_wconf 89' lang='lat' dir='ltr'><strong>sedibus,</strong></span> <span class='ocrx_word' id='word_1_107' title='bbox 747 1679 845 1756; x_wconf 85' lang='lat' dir='ltr'><strong>utque</strong></span> <span class='ocrx_word' id='word_1_108' title='bbox 864 1673 908 1736; x_wconf 84' lang='lat' dir='ltr'><strong>ab</strong></span> <span class='ocrx_word' id='word_1_109' title='bbox 928 1672 1055 1736; x_wconf 80' lang='lat' dir='ltr'><strong>ultimis</strong></span> <span class='ocrx_word' id='word_1_110' title='bbox 1070 1672 1235 1736; x_wconf 80' lang='lat' dir='ltr'><strong>barbarice</strong></span> 
     </span>
     <span class='ocr_line' id='line_1_15' title="bbox 136 1774 1235 1858; baseline -0.002 -17"><span class='ocrx_word' id='word_1_111' title='bbox 136 1776 304 1841; x_wconf 84' lang='lat' dir='ltr'><strong>littoribus</strong></span> <span class='ocrx_word' id='word_1_112' title='bbox 320 1777 469 1854; x_wconf 75' lang='lat' dir='ltr'><strong>avulsasi,</strong></span> <span class='ocrx_word' id='word_1_113' title='bbox 483 1783 532 1853; x_wconf 88' lang='lat' dir='ltr'><strong>ut,</strong></span> <span class='ocrx_word' id='word_1_114' title='bbox 544 1775 578 1838; x_wconf 93' lang='lat' dir='ltr'><strong>iu</strong></span> <span class='ocrx_word' id='word_1_115' title='bbox 594 1775 735 1840; x_wconf 80' lang='lat' dir='ltr'><strong>desertis</strong></span> <span class='ocrx_word' id='word_1_116' title='bbox 751 1774 876 1840; x_wconf 84' lang='lat' dir='ltr'><strong>Gallice</strong></span> <span class='ocrx_word' id='word_1_117' title='bbox 888 1775 1078 1858; x_wconf 85' lang='lat' dir='ltr'><strong>regionibus</strong></span> <span class='ocrx_word' id='word_1_118' title='bbox 1091 1774 1235 1839; x_wconf 86' lang='lat' dir='ltr'><strong>colloca-</strong></span> 
     </span>
    </p>
   </div>
   <div class='ocr_carea' id='block_1_3' title="bbox 137 1876 1236 1964">
    <p class='ocr_par' dir='ltr' id='par_1_4' title="bbox 137 1876 1236 1964">
     <span class='ocr_line' id='line_1_16' title="bbox 137 1876 1236 1964; baseline -0.003 -20"><span class='ocrx_word' id='word_1_119' title='bbox 137 1887 196 1958; x_wconf 83' lang='lat' dir='ltr'><strong>tae,</strong></span> <span class='ocrx_word' id='word_1_120' title='bbox 212 1885 247 1944; x_wconf 89' lang='lat' dir='ltr'><strong>et</strong></span> <span class='ocrx_word' id='word_1_121' title='bbox 257 1898 376 1964; x_wconf 83' lang='lat' dir='ltr'><strong>pacem</strong></span> <span class='ocrx_word' id='word_1_122' title='bbox 388 1879 537 1943; x_wconf 81' lang='lat' dir='ltr'><strong>Romani</strong></span> <span class='ocrx_word' id='word_1_123' title='bbox 550 1878 684 1962; x_wconf 88' lang='lat' dir='ltr'><strong>imperii</strong></span> <span class='ocrx_word' id='word_1_124' title='bbox 698 1879 790 1943; x_wconf 85' lang='lat' dir='ltr'><strong>cultu</strong></span> <span class='ocrx_word' id='word_1_125' title='bbox 798 1877 964 1962; x_wconf 81' lang='lat' dir='ltr'><strong>juvarent,</strong></span> <span class='ocrx_word' id='word_1_126' title='bbox 977 1883 1012 1943; x_wconf 88' lang='lat' dir='ltr'><strong>et</strong></span> <span class='ocrx_word' id='word_1_127' title='bbox 1023 1895 1115 1942; x_wconf 80' lang='lat' dir='ltr'><strong>arma</strong></span> <span class='ocrx_word' id='word_1_128' title='bbox 1126 1876 1236 1942; x_wconf 68' lang='lat' dir='ltr'><strong>deleo</strong></span> 
     </span>
    </p>
   </div>
   <div class='ocr_carea' id='block_1_4' title="bbox 471 1991 776 2084">
    <p class='ocr_par' dir='ltr' id='par_1_5' title="bbox 471 1991 776 2084">
     <span class='ocr_line' id='line_1_17' title="bbox 471 1991 486 2022; baseline 0 0"><span class='ocrx_word' id='word_1_129' title='bbox 471 1991 486 2022; x_wconf 66' lang='grc'><em>1</em></span> 
     </span>
     <span class='ocr_line' id='line_1_18' title="bbox 594 2058 776 2084; baseline 0.005 -4"><span class='ocrx_word' id='word_1_130' title='bbox 594 2058 776 2084; x_wconf 68' lang='lat' dir='ltr'><strong>omeuooeoo</strong></span> 
     </span>
    </p>
   </div>
   <div class='ocr_carea' id='block_1_5' title="bbox 139 2177 1282 2895">
    <p class='ocr_par' dir='ltr' id='par_1_6' title="bbox 139 2177 1282 2501">
     <span class='ocr_line' id='line_1_19' title="bbox 140 2177 1243 2242; baseline 0 -12"><span class='ocrx_word' id='word_1_131' title='bbox 140 2182 166 2230; x_wconf 88' lang='lat' dir='ltr'><strong>iu</strong></span> <span class='ocrx_word' id='word_1_132' title='bbox 184 2178 263 2228; x_wconf 84' lang='lat' dir='ltr'><strong>Grut.</strong></span> <span class='ocrx_word' id='word_1_133' title='bbox 272 2184 300 2228; x_wconf 87' lang='lat' dir='ltr'><strong>et</strong></span> <span class='ocrx_word' id='word_1_134' title='bbox 312 2183 422 2229; x_wconf 86' lang='lat' dir='ltr'><strong>recentt.</strong></span> <span class='ocrx_word' id='word_1_135' title='bbox 446 2180 509 2228; x_wconf 84' lang='lat' dir='ltr'><strong>omui</strong></span> <span class='ocrx_word' id='word_1_136' title='bbox 518 2181 543 2229; x_wconf 77' lang='lat' dir='ltr'><strong>i.</strong></span> <span class='ocrx_word' id='word_1_137' title='bbox 553 2180 669 2242; x_wconf 64' lang='lat' dir='ltr'><strong>sumsit</strong></span> <span class='ocrx_word' id='word_1_138' title='bbox 681 2182 746 2231; x_wconf 80' lang='lat' dir='ltr'><strong>Exc-</strong></span> <span class='ocrx_word' id='word_1_139' title='bbox 757 2179 834 2230; x_wconf 77' lang='lat' dir='ltr'><strong>Voss.</strong></span> <span class='ocrx_word' id='word_1_140' title='bbox 846 2184 875 2229; x_wconf 89' lang='lat' dir='ltr'><strong>et</strong></span> <span class='ocrx_word' id='word_1_141' title='bbox 884 2177 999 2241; x_wconf 81' lang='lat' dir='ltr'><strong>Gueiph.</strong></span> <span class='ocrx_word' id='word_1_142' title='bbox 1021 2179 1063 2227; x_wconf 80' lang='lat' dir='ltr'><strong>ted</strong></span> <span class='ocrx_word' id='word_1_143' title='bbox 1075 2183 1101 2228; x_wconf 84' lang='lat' dir='ltr'><strong>et</strong></span> <span class='ocrx_word' id='word_1_144' title='bbox 1110 2179 1243 2240; x_wconf 68' lang='lat' dir='ltr'><strong>feritaten</strong></span> 
     </span>
     <span class='ocr_line' id='line_1_20' title="bbox 140 2243 1282 2308; baseline 0.001 -14"><span class='ocrx_word' id='word_1_145' title='bbox 140 2244 202 2295; x_wconf 81' lang='lat' dir='ltr'><strong>edd.</strong></span> <span class='ocrx_word' id='word_1_146' title='bbox 214 2251 278 2293; x_wconf 83' lang='lat' dir='ltr'><strong>vett.</strong></span> <span class='ocrx_word' id='word_1_147' title='bbox 296 2245 336 2294; x_wconf 78' lang='lat' dir='ltr'><strong>red</strong></span> <span class='ocrx_word' id='word_1_148' title='bbox 346 2243 419 2292; x_wconf 82' lang='lat' dir='ltr'><strong>etiem</strong></span> <span class='ocrx_word' id='word_1_149' title='bbox 429 2243 454 2303; x_wconf 82' lang='lat' dir='ltr'><strong>f.</strong></span> <span class='ocrx_word' id='word_1_150' title='bbox 466 2246 529 2294; x_wconf 81' lang='lat' dir='ltr'><strong>Vct.</strong></span> <span class='ocrx_word' id='word_1_151' title='bbox 539 2245 621 2294; x_wconf 82' lang='lat' dir='ltr'><strong>Livio.</strong></span> <span class='ocrx_word' id='word_1_152' title='bbox 631 2245 743 2308; x_wconf 83' lang='lat' dir='ltr'><strong>Gueiph.</strong></span> <span class='ocrx_word' id='word_1_153' title='bbox 755 2246 822 2295; x_wconf 83' lang='lat' dir='ltr'><strong>Exc.</strong></span> <span class='ocrx_word' id='word_1_154' title='bbox 834 2245 909 2294; x_wconf 74' lang='lat' dir='ltr'><strong>Voss.</strong></span> <span class='ocrx_word' id='word_1_155' title='bbox 920 2245 999 2295; x_wconf 86' lang='lat' dir='ltr'><strong>Grut.</strong></span> <span class='ocrx_word' id='word_1_156' title='bbox 1011 2250 1039 2292; x_wconf 84' lang='lat' dir='ltr'><strong>et</strong></span> <span class='ocrx_word' id='word_1_157' title='bbox 1051 2243 1114 2293; x_wconf 85' lang='lat' dir='ltr'><strong>edd.</strong></span> <span class='ocrx_word' id='word_1_158' title='bbox 1125 2255 1241 2297; x_wconf 73' lang='lat' dir='ltr'><strong>receuti.</strong></span> <span class='ocrx_word' id='word_1_159' title='bbox 1280 2275 1282 2278; x_wconf 57' lang='lat'>&lt;</span> 
     </span>
     <span class='ocr_line' id='line_1_21' title="bbox 141 2308 1241 2374; baseline 0.001 -15"><span class='ocrx_word' id='word_1_160' title='bbox 141 2308 309 2370; x_wconf 74' lang='lat' dir='ltr'><strong>-4Cnsuiu</strong></span> <span class='ocrx_word' id='word_1_161' title='bbox 328 2311 379 2372; x_wconf 75' lang='lat' dir='ltr'><strong>ipso</strong></span> <span class='ocrx_word' id='word_1_162' title='bbox 397 2310 536 2372; x_wconf 73' lang='lat' dir='ltr'><strong>receptione.</strong></span> <span class='ocrx_word' id='word_1_163' title='bbox 563 2311 622 2359; x_wconf 87' lang='lat' dir='ltr'><strong>Vet.</strong></span> <span class='ocrx_word' id='word_1_164' title='bbox 642 2310 728 2361; x_wconf 84' lang='lat' dir='ltr'><strong>Livio.</strong></span> <span class='ocrx_word' id='word_1_165' title='bbox 745 2311 939 2360; x_wconf 73' lang='lat' dir='ltr'><strong>Britoneiurrm.</strong></span> <span class='ocrx_word' id='word_1_166' title='bbox 971 2309 1049 2368; x_wconf 83' lang='lat' dir='ltr'><strong>Mox,</strong></span> <span class='ocrx_word' id='word_1_167' title='bbox 1063 2309 1151 2359; x_wconf 83' lang='lat' dir='ltr'><strong>Lirin.</strong></span> <span class='ocrx_word' id='word_1_168' title='bbox 1172 2310 1241 2374; x_wconf 81' lang='lat' dir='ltr'><strong>conj.</strong></span> 
     </span>
     <span class='ocr_line' id='line_1_22' title="bbox 139 2372 1242 2441; baseline 0.005 -20"><span class='ocrx_word' id='word_1_169' title='bbox 139 2379 262 2438; x_wconf 76' lang='lat' dir='ltr'><strong>peruectus</strong></span> <span class='ocrx_word' id='word_1_170' title='bbox 273 2379 317 2422; x_wconf 84' lang='lat' dir='ltr'><strong>eet.</strong></span> <span class='ocrx_word' id='word_1_171' title='bbox 334 2372 402 2422; x_wconf 84' lang='lat' dir='ltr'><strong>Edd.</strong></span> <span class='ocrx_word' id='word_1_172' title='bbox 412 2383 476 2423; x_wconf 86' lang='lat' dir='ltr'><strong>vett.</strong></span> <span class='ocrx_word' id='word_1_173' title='bbox 488 2382 515 2422; x_wconf 87' lang='lat' dir='ltr'><strong>et</strong></span> <span class='ocrx_word' id='word_1_174' title='bbox 527 2374 610 2423; x_wconf 80' lang='lat' dir='ltr'><strong>Risin.</strong></span> <span class='ocrx_word' id='word_1_175' title='bbox 620 2376 733 2425; x_wconf 82' lang='lat' dir='ltr'><strong>comitutu</strong></span> <span class='ocrx_word' id='word_1_176' title='bbox 743 2376 794 2433; x_wconf 62' lang='lat' dir='ltr'><strong>ein</strong></span> <span class='ocrx_word' id='word_1_177' title='bbox 809 2377 871 2425; x_wconf 86' lang='lat' dir='ltr'><strong>Vet.</strong></span> <span class='ocrx_word' id='word_1_178' title='bbox 880 2375 963 2424; x_wconf 78' lang='lat' dir='ltr'><strong>Lirin.</strong></span> <span class='ocrx_word' id='word_1_179' title='bbox 975 2372 1075 2424; x_wconf 85' lang='lat' dir='ltr'><strong>Bertiu·</strong></span> <span class='ocrx_word' id='word_1_180' title='bbox 1083 2375 1148 2426; x_wconf 81' lang='lat' dir='ltr'><strong>Exc·</strong></span> <span class='ocrx_word' id='word_1_181' title='bbox 1158 2376 1242 2441; x_wconf 67' lang='lat' dir='ltr'><strong>Leug-</strong></span> 
     </span>
     <span class='ocr_line' id='line_1_23' title="bbox 143 2438 1051 2501; baseline -0.002 -12"><span class='ocrx_word' id='word_1_182' title='bbox 143 2438 257 2500; x_wconf 80' lang='lat' dir='ltr'><strong>Goeiph.</strong></span> <span class='ocrx_word' id='word_1_183' title='bbox 269 2438 334 2488; x_wconf 86' lang='lat' dir='ltr'><strong>Exc.</strong></span> <span class='ocrx_word' id='word_1_184' title='bbox 345 2439 420 2487; x_wconf 83' lang='lat' dir='ltr'><strong>Voss.</strong></span> <span class='ocrx_word' id='word_1_185' title='bbox 432 2440 538 2501; x_wconf 80' lang='lat' dir='ltr'><strong>cuspin.</strong></span> <span class='ocrx_word' id='word_1_186' title='bbox 549 2440 627 2490; x_wconf 87' lang='lat' dir='ltr'><strong>Grut.</strong></span> <span class='ocrx_word' id='word_1_187' title='bbox 639 2449 666 2491; x_wconf 85' lang='lat' dir='ltr'><strong>et</strong></span> <span class='ocrx_word' id='word_1_188' title='bbox 677 2448 788 2490; x_wconf 77' lang='lat' dir='ltr'><strong>recenti.</strong></span> <span class='ocrx_word' id='word_1_189' title='bbox 799 2441 912 2490; x_wconf 76' lang='lat' dir='ltr'><strong>comitutu</strong></span> <span class='ocrx_word' id='word_1_190' title='bbox 925 2441 993 2489; x_wconf 72' lang='lat' dir='ltr'><strong>tuem</strong></span> <span class='ocrx_word' id='word_1_191' title='bbox 1003 2439 1051 2488; x_wconf 75' lang='lat' dir='ltr'><strong>eit:</strong></span> 
     </span>
    </p>

    <p class='ocr_par' dir='ltr' id='par_1_7' title="bbox 144 2502 1261 2895">
     <span class='ocr_line' id='line_1_24' title="bbox 177 2502 1243 2569; baseline 0.002 -17"><span class='ocrx_word' id='word_1_192' title='bbox 177 2505 243 2553; x_wconf 65' lang='lat' dir='ltr'><strong>Cer·</strong></span> <span class='ocrx_word' id='word_1_193' title='bbox 254 2517 292 2551; x_wconf 79' lang='lat' dir='ltr'><strong>vr.</strong></span> <span class='ocrx_word' id='word_1_194' title='bbox 314 2507 327 2551; x_wconf 92' lang='lat'><em>1</em></span> <span class='ocrx_word' id='word_1_195' title='bbox 341 2502 461 2553; x_wconf 83' lang='lat' dir='ltr'><strong>Burthiuu</strong></span> <span class='ocrx_word' id='word_1_196' title='bbox 480 2505 554 2568; x_wconf 73' lang='lat' dir='ltr'><strong>legit,</strong></span> <span class='ocrx_word' id='word_1_197' title='bbox 572 2521 620 2569; x_wconf 80' lang='lat' dir='ltr'><strong>quo</strong></span> <span class='ocrx_word' id='word_1_198' title='bbox 635 2505 739 2556; x_wconf 77' lang='lat' dir='ltr'><strong>deictis·</strong></span> <span class='ocrx_word' id='word_1_199' title='bbox 763 2506 877 2569; x_wconf 84' lang='lat' dir='ltr'><strong>Gueiph.</strong></span> <span class='ocrx_word' id='word_1_200' title='bbox 894 2503 1045 2565; x_wconf 75' lang='lat' dir='ltr'><strong>sibijuuctie</strong></span> <span class='ocrx_word' id='word_1_201' title='bbox 1058 2504 1130 2556; x_wconf 78' lang='lat' dir='ltr'><strong>sociis</strong></span> <span class='ocrx_word' id='word_1_202' title='bbox 1139 2521 1151 2563; x_wconf 91' lang='lat'><strong>,·</strong></span> <span class='ocrx_word' id='word_1_203' title='bbox 1176 2505 1243 2559; x_wconf 70' lang='lat' dir='ltr'><strong>Ere,</strong></span> 
     </span>
     <span class='ocr_line' id='line_1_25' title="bbox 145 2567 1242 2633; baseline 0 -15"><span class='ocrx_word' id='word_1_204' title='bbox 145 2569 222 2618; x_wconf 74' lang='lat' dir='ltr'><strong>Voss.</strong></span> <span class='ocrx_word' id='word_1_205' title='bbox 231 2567 419 2633; x_wconf 74' lang='lat' dir='ltr'><strong>sibijuuctieque</strong></span> <span class='ocrx_word' id='word_1_206' title='bbox 429 2571 507 2619; x_wconf 81' lang='lat' dir='ltr'><strong>eociie.</strong></span> <span class='ocrx_word' id='word_1_207' title='bbox 524 2570 592 2622; x_wconf 87' lang='lat' dir='ltr'><strong>Edd.</strong></span> <span class='ocrx_word' id='word_1_208' title='bbox 602 2577 664 2620; x_wconf 75' lang='lat' dir='ltr'><strong>aute</strong></span> <span class='ocrx_word' id='word_1_209' title='bbox 676 2571 797 2621; x_wconf 80' lang='lat' dir='ltr'><strong>Arntzeo.</strong></span> <span class='ocrx_word' id='word_1_210' title='bbox 805 2569 1139 2632; x_wconf 77' lang='lat' dir='ltr'><strong>reejuemodijudiciodedit3</strong></span> <span class='ocrx_word' id='word_1_211' title='bbox 1155 2569 1242 2621; x_wconf 81' lang='lat' dir='ltr'><strong>Pulur.</strong></span> 
     </span>
     <span class='ocr_line' id='line_1_26' title="bbox 145 2633 1242 2700; baseline -0.003 -14"><span class='ocrx_word' id='word_1_212' title='bbox 145 2635 213 2700; x_wconf 87' lang='lat' dir='ltr'><strong>conj.</strong></span> <span class='ocrx_word' id='word_1_213' title='bbox 225 2650 250 2684; x_wconf 80' lang='lat' dir='ltr'><strong>ee</strong></span> <span class='ocrx_word' id='word_1_214' title='bbox 261 2633 392 2695; x_wconf 77' lang='lat' dir='ltr'><strong>e-judicem</strong></span> <span class='ocrx_word' id='word_1_215' title='bbox 402 2635 486 2694; x_wconf 83' lang='lat' dir='ltr'><strong>dedit,·</strong></span> <span class='ocrx_word' id='word_1_216' title='bbox 503 2643 531 2686; x_wconf 87' lang='lat' dir='ltr'><strong>et</strong></span> <span class='ocrx_word' id='word_1_217' title='bbox 542 2637 578 2686; x_wconf 80' lang='lat' dir='ltr'><strong>ric</strong></span> <span class='ocrx_word' id='word_1_218' title='bbox 590 2635 687 2686; x_wconf 83' lang='lat' dir='ltr'><strong>hubent</strong></span> <span class='ocrx_word' id='word_1_219' title='bbox 697 2636 775 2686; x_wconf 82' lang='lat' dir='ltr'><strong>codd.</strong></span> <span class='ocrx_word' id='word_1_220' title='bbox 785 2636 855 2686; x_wconf 84' lang='lat' dir='ltr'><strong>Gud.</strong></span> <span class='ocrx_word' id='word_1_221' title='bbox 866 2637 929 2687; x_wconf 81' lang='lat' dir='ltr'><strong>Pur.</strong></span> <span class='ocrx_word' id='word_1_222' title='bbox 939 2634 1026 2685; x_wconf 78' lang='lat' dir='ltr'><strong>Muri.</strong></span> <span class='ocrx_word' id='word_1_223' title='bbox 1038 2640 1066 2684; x_wconf 85' lang='lat' dir='ltr'><strong>et</strong></span> <span class='ocrx_word' id='word_1_224' title='bbox 1076 2633 1145 2685; x_wconf 74' lang='lat' dir='ltr'><strong>Eue.</strong></span> <span class='ocrx_word' id='word_1_225' title='bbox 1164 2635 1242 2691; x_wconf 76' lang='lat' dir='ltr'><strong>Voss.</strong></span> 
     </span>
     <span class='ocr_line' id='line_1_27' title="bbox 144 2698 1261 2765; baseline -0.002 -16"><span class='ocrx_word' id='word_1_226' title='bbox 144 2716 170 2751; x_wconf 79' lang='lat' dir='ltr'><strong>ee</strong></span> <span class='ocrx_word' id='word_1_227' title='bbox 181 2715 202 2750; x_wconf 83' lang='lat' dir='ltr'><strong>e.</strong></span> <span class='ocrx_word' id='word_1_228' title='bbox 212 2700 328 2749; x_wconf 78' lang='lat' dir='ltr'><strong>uindicem</strong></span> <span class='ocrx_word' id='word_1_229' title='bbox 338 2701 404 2750; x_wconf 82' lang='lat' dir='ltr'><strong>dedit</strong></span> <span class='ocrx_word' id='word_1_230' title='bbox 415 2701 481 2763; x_wconf 87' lang='lat' dir='ltr'><strong>conj.</strong></span> <span class='ocrx_word' id='word_1_231' title='bbox 497 2702 610 2752; x_wconf 80' lang='lat' dir='ltr'><strong>Puteeu.</strong></span> <span class='ocrx_word' id='word_1_232' title='bbox 644 2703 712 2751; x_wconf 82' lang='lat' dir='ltr'><strong>Illud</strong></span> <span class='ocrx_word' id='word_1_233' title='bbox 723 2702 816 2763; x_wconf 77' lang='lat' dir='ltr'><strong>judicio</strong></span> <span class='ocrx_word' id='word_1_234' title='bbox 828 2716 876 2765; x_wconf 83' lang='lat' dir='ltr'><strong>pro</strong></span> <span class='ocrx_word' id='word_1_235' title='bbox 887 2700 1039 2762; x_wconf 79' lang='lat' dir='ltr'><strong>gioeuemete</strong></span> <span class='ocrx_word' id='word_1_236' title='bbox 1056 2698 1138 2749; x_wconf 79' lang='lat' dir='ltr'><strong>haber</strong></span> <span class='ocrx_word' id='word_1_237' title='bbox 1150 2698 1244 2753; x_wconf 78' lang='lat' dir='ltr'><strong>Acidu·</strong></span> <span class='ocrx_word' id='word_1_238' title='bbox 1255 2752 1261 2762; x_wconf 50' lang='grc'><em>,</em></span> 
     </span>
     <span class='ocr_line' id='line_1_28' title="bbox 145 2764 1242 2830; baseline 0 -15"><span class='ocrx_word' id='word_1_239' title='bbox 145 2767 205 2816; x_wconf 82' lang='lat' dir='ltr'><strong>iius.</strong></span> <span class='ocrx_word' id='word_1_240' title='bbox 229 2768 305 2829; x_wconf 75' lang='lat' dir='ltr'><strong>eripe</strong></span> <span class='ocrx_word' id='word_1_241' title='bbox 315 2768 432 2816; x_wconf 75' lang='lat' dir='ltr'><strong>oomcium</strong></span> <span class='ocrx_word' id='word_1_242' title='bbox 443 2766 479 2816; x_wconf 85' lang='lat' dir='ltr'><strong>H.</strong></span> <span class='ocrx_word' id='word_1_243' title='bbox 491 2767 582 2829; x_wconf 80' lang='lat' dir='ltr'><strong>steph.</strong></span> <span class='ocrx_word' id='word_1_244' title='bbox 597 2773 625 2817; x_wconf 88' lang='lat' dir='ltr'><strong>et</strong></span> <span class='ocrx_word' id='word_1_245' title='bbox 636 2768 720 2816; x_wconf 81' lang='lat' dir='ltr'><strong>Lirin.</strong></span> <span class='ocrx_word' id='word_1_246' title='bbox 747 2768 821 2830; x_wconf 75' lang='lat' dir='ltr'><strong>culpe</strong></span> <span class='ocrx_word' id='word_1_247' title='bbox 837 2768 942 2816; x_wconf 72' lang='lat' dir='ltr'><strong>conscios</strong></span> <span class='ocrx_word' id='word_1_248' title='bbox 951 2764 1066 2830; x_wconf 81' lang='lat' dir='ltr'><strong>Guelph.</strong></span> <span class='ocrx_word' id='word_1_249' title='bbox 1085 2765 1153 2815; x_wconf 73' lang='lat' dir='ltr'><strong>Exc-</strong></span> <span class='ocrx_word' id='word_1_250' title='bbox 1165 2766 1242 2822; x_wconf 71' lang='lat' dir='ltr'><strong>Voss,</strong></span> 
     </span>
     <span class='ocr_line' id='line_1_29' title="bbox 145 2830 1244 2895; baseline 0.003 -15"><span class='ocrx_word' id='word_1_251' title='bbox 145 2832 208 2883; x_wconf 80' lang='lat' dir='ltr'><strong>Vct.</strong></span> <span class='ocrx_word' id='word_1_252' title='bbox 224 2832 305 2882; x_wconf 82' lang='lat' dir='ltr'><strong>Livio.</strong></span> <span class='ocrx_word' id='word_1_253' title='bbox 317 2832 420 2881; x_wconf 87' lang='lat' dir='ltr'><strong>Bertin.</strong></span> <span class='ocrx_word' id='word_1_254' title='bbox 431 2840 457 2881; x_wconf 85' lang='lat' dir='ltr'><strong>et</strong></span> <span class='ocrx_word' id='word_1_255' title='bbox 470 2834 576 2895; x_wconf 71' lang='lat' dir='ltr'><strong>relique</strong></span> <span class='ocrx_word' id='word_1_256' title='bbox 589 2832 699 2883; x_wconf 78' lang='lat' dir='ltr'><strong>edd—2</strong></span> <span class='ocrx_word' id='word_1_257' title='bbox 713 2833 779 2882; x_wconf 78' lang='lat' dir='ltr'><strong>Edd.</strong></span> <span class='ocrx_word' id='word_1_258' title='bbox 791 2840 851 2880; x_wconf 80' lang='lat' dir='ltr'><strong>unte</strong></span> <span class='ocrx_word' id='word_1_259' title='bbox 863 2831 954 2880; x_wconf 82' lang='lat' dir='ltr'><strong>Arntz.</strong></span> <span class='ocrx_word' id='word_1_260' title='bbox 970 2832 1015 2879; x_wconf 75' lang='lat' dir='ltr'><strong>nori</strong></span> <span class='ocrx_word' id='word_1_261' title='bbox 1026 2830 1081 2891; x_wconf 70' lang='lat' dir='ltr'><strong>jum</strong></span> <span class='ocrx_word' id='word_1_262' title='bbox 1088 2846 1099 2889; x_wconf 92' lang='lat'><strong>,·</strong></span> <span class='ocrx_word' id='word_1_263' title='bbox 1116 2830 1180 2881; x_wconf 80' lang='lat' dir='ltr'><strong>ver.</strong></span> <span class='ocrx_word' id='word_1_264' title='bbox 1192 2831 1244 2884; x_wconf 75' lang='lat' dir='ltr'><strong>Po·</strong></span> 
     </span>
    </p>
   </div>
   <div class='ocr_carea' id='block_1_6' title="bbox 38 2894 1246 2959">
    <p class='ocr_par' dir='ltr' id='par_1_8' title="bbox 38 2894 1246 2959">
     <span class='ocr_line' id='line_1_30' title="bbox 38 2894 1246 2959; baseline -0.002 -13"><span class='ocrx_word' id='word_1_265' title='bbox 38 2917 40 2923; x_wconf 94' lang='lat'>·</span> <span class='ocrx_word' id='word_1_266' title='bbox 147 2907 218 2948; x_wconf 81' lang='lat' dir='ltr'><strong>teau.</strong></span> <span class='ocrx_word' id='word_1_267' title='bbox 231 2897 343 2959; x_wconf 83' lang='lat' dir='ltr'><strong>Guetpb.</strong></span> <span class='ocrx_word' id='word_1_268' title='bbox 355 2898 419 2947; x_wconf 84' lang='lat' dir='ltr'><strong>Exc.</strong></span> <span class='ocrx_word' id='word_1_269' title='bbox 434 2899 509 2947; x_wconf 80' lang='lat' dir='ltr'><strong>Voss.</strong></span> <span class='ocrx_word' id='word_1_270' title='bbox 521 2905 550 2948; x_wconf 89' lang='lat' dir='ltr'><strong>et</strong></span> <span class='ocrx_word' id='word_1_271' title='bbox 569 2898 656 2948; x_wconf 83' lang='lat' dir='ltr'><strong>Moert.</strong></span> <span class='ocrx_word' id='word_1_272' title='bbox 669 2898 723 2959; x_wconf 74' lang='lat' dir='ltr'><strong>jum</strong></span> <span class='ocrx_word' id='word_1_273' title='bbox 739 2912 793 2946; x_wconf 74' lang='lat' dir='ltr'><strong>uon·</strong></span> <span class='ocrx_word' id='word_1_274' title='bbox 820 2897 890 2946; x_wconf 89' lang='lat' dir='ltr'><strong>Edd.</strong></span> <span class='ocrx_word' id='word_1_275' title='bbox 909 2901 975 2945; x_wconf 82' lang='lat' dir='ltr'><strong>vett.</strong></span> <span class='ocrx_word' id='word_1_276' title='bbox 992 2894 1023 2944; x_wconf 76' lang='lat' dir='ltr'><strong>ab</strong></span> <span class='ocrx_word' id='word_1_277' title='bbox 1041 2895 1080 2945; x_wconf 77' lang='lat' dir='ltr'><strong>irie</strong></span> <span class='ocrx_word' id='word_1_278' title='bbox 1096 2895 1172 2954; x_wconf 60' lang='lat' dir='ltr'><strong>lucin</strong></span> <span class='ocrx_word' id='word_1_279' title='bbox 1188 2894 1246 2945; x_wconf 78' lang='lat' dir='ltr'><strong>cod.</strong></span> 
     </span>
    </p>
   </div>
   <div class='ocr_carea' id='block_1_7' title="bbox 147 2959 1249 3354">
    <p class='ocr_par' dir='ltr' id='par_1_9' title="bbox 147 2959 1249 3354">
     <span class='ocr_line' id='line_1_31' title="bbox 147 2959 1246 3027; baseline -0.001 -15"><span class='ocrx_word' id='word_1_280' title='bbox 147 2963 236 3012; x_wconf 79' lang='lat' dir='ltr'><strong>Mcerl.</strong></span> <span class='ocrx_word' id='word_1_281' title='bbox 255 2962 310 3011; x_wconf 79' lang='lat' dir='ltr'><strong>otiis</strong></span> <span class='ocrx_word' id='word_1_282' title='bbox 327 2963 402 3022; x_wconf 74' lang='lat' dir='ltr'><strong>iccie5</strong></span> <span class='ocrx_word' id='word_1_283' title='bbox 419 2964 486 3011; x_wconf 73' lang='lat' dir='ltr'><strong>trude</strong></span> <span class='ocrx_word' id='word_1_284' title='bbox 506 2965 603 3027; x_wconf 78' lang='lat' dir='ltr'><strong>Jaeger.</strong></span> <span class='ocrx_word' id='word_1_285' title='bbox 620 2963 651 3013; x_wconf 81' lang='lat' dir='ltr'><strong>ui</strong></span> <span class='ocrx_word' id='word_1_286' title='bbox 669 2964 701 3012; x_wconf 78' lang='lat' dir='ltr'><strong>iis</strong></span> <span class='ocrx_word' id='word_1_287' title='bbox 717 2963 793 3018; x_wconf 64' lang='lat' dir='ltr'><strong>lociu</strong></span> <span class='ocrx_word' id='word_1_288' title='bbox 809 2974 837 3012; x_wconf 87' lang='lat' dir='ltr'><strong>et</strong></span> <span class='ocrx_word' id='word_1_289' title='bbox 856 2963 894 3010; x_wconf 83' lang='lat' dir='ltr'><strong>sic</strong></span> <span class='ocrx_word' id='word_1_290' title='bbox 912 2963 990 3024; x_wconf 81' lang='lat' dir='ltr'><strong>pieue</strong></span> <span class='ocrx_word' id='word_1_291' title='bbox 1005 2961 1032 3009; x_wconf 93' lang='lat' dir='ltr'><strong>iu</strong></span> <span class='ocrx_word' id='word_1_292' title='bbox 1044 2959 1160 3023; x_wconf 78' lang='lat' dir='ltr'><strong>Gueiph.</strong></span> <span class='ocrx_word' id='word_1_293' title='bbox 1178 2960 1246 3011; x_wconf 79' lang='lat' dir='ltr'><strong>trude</strong></span> 
     </span>
     <span class='ocr_line' id='line_1_32' title="bbox 148 3024 1246 3080; baseline 0 -4"><span class='ocrx_word' id='word_1_294' title='bbox 148 3028 264 3077; x_wconf 87' lang='lat' dir='ltr'><strong>restituit</strong></span> <span class='ocrx_word' id='word_1_295' title='bbox 276 3027 366 3076; x_wconf 83' lang='lat' dir='ltr'><strong>Arutz.</strong></span> <span class='ocrx_word' id='word_1_296' title='bbox 382 3029 432 3078; x_wconf 77' lang='lat' dir='ltr'><strong>cuis</strong></span> <span class='ocrx_word' id='word_1_297' title='bbox 441 3028 536 3080; x_wconf 77' lang='lat' dir='ltr'><strong>sedibus</strong></span> <span class='ocrx_word' id='word_1_298' title='bbox 548 3028 607 3078; x_wconf 84' lang='lat' dir='ltr'><strong>edd.</strong></span> <span class='ocrx_word' id='word_1_299' title='bbox 617 3036 678 3077; x_wconf 81' lang='lat' dir='ltr'><strong>ente</strong></span> <span class='ocrx_word' id='word_1_300' title='bbox 689 3027 780 3078; x_wconf 84' lang='lat' dir='ltr'><strong>Arutz.</strong></span> <span class='ocrx_word' id='word_1_301' title='bbox 803 3027 842 3076; x_wconf 78' lang='lat' dir='ltr'><strong>eui</strong></span> <span class='ocrx_word' id='word_1_302' title='bbox 852 3026 946 3076; x_wconf 77' lang='lat' dir='ltr'><strong>reditus</strong></span> <span class='ocrx_word' id='word_1_303' title='bbox 957 3025 1045 3074; x_wconf 86' lang='lat' dir='ltr'><strong>Pulm.</strong></span> <span class='ocrx_word' id='word_1_304' title='bbox 1056 3031 1084 3074; x_wconf 86' lang='lat' dir='ltr'><strong>et</strong></span> <span class='ocrx_word' id='word_1_305' title='bbox 1100 3024 1139 3075; x_wconf 78' lang='lat' dir='ltr'><strong>uic</strong></span> <span class='ocrx_word' id='word_1_306' title='bbox 1149 3025 1246 3076; x_wconf 80' lang='lat' dir='ltr'><strong>Sohun-</strong></span> 
     </span>
     <span class='ocr_line' id='line_1_33' title="bbox 147 3090 1248 3154; baseline -0.001 -14"><span class='ocrx_word' id='word_1_307' title='bbox 147 3093 208 3141; x_wconf 82' lang='lat' dir='ltr'><strong>hov.</strong></span> <span class='ocrx_word' id='word_1_308' title='bbox 220 3094 246 3141; x_wconf 91' lang='lat' dir='ltr'><strong>iu</strong></span> <span class='ocrx_word' id='word_1_309' title='bbox 258 3107 339 3152; x_wconf 72' lang='lat' dir='ltr'><strong>marg.</strong></span> <span class='ocrx_word' id='word_1_310' title='bbox 351 3092 393 3142; x_wconf 87' lang='lat' dir='ltr'><strong>ed.</strong></span> <span class='ocrx_word' id='word_1_311' title='bbox 405 3094 517 3143; x_wconf 85' lang='lat' dir='ltr'><strong>Froben.</strong></span> <span class='ocrx_word' id='word_1_312' title='bbox 534 3093 662 3143; x_wconf 75' lang='lat' dir='ltr'><strong>barbarice</strong></span> <span class='ocrx_word' id='word_1_313' title='bbox 672 3093 807 3143; x_wconf 62' lang='lat' dir='ltr'><strong>catuntius</strong></span> <span class='ocrx_word' id='word_1_314' title='bbox 816 3092 934 3143; x_wconf 73' lang='lat' dir='ltr'><strong>littoribus</strong></span> <span class='ocrx_word' id='word_1_315' title='bbox 944 3090 1092 3154; x_wconf 59' lang='lat' dir='ltr'><strong>Guelphaet</strong></span> <span class='ocrx_word' id='word_1_316' title='bbox 1100 3091 1248 3143; x_wconf 68' lang='lat' dir='ltr'><strong>Excvoss.</strong></span> 
     </span>
     <span class='ocr_line' id='line_1_34' title="bbox 149 3155 1249 3223; baseline -0.003 -17"><span class='ocrx_word' id='word_1_317' title='bbox 149 3159 218 3206; x_wconf 88' lang='lat' dir='ltr'><strong>unde</strong></span> <span class='ocrx_word' id='word_1_318' title='bbox 241 3157 331 3207; x_wconf 80' lang='lat' dir='ltr'><strong>Arutz.</strong></span> <span class='ocrx_word' id='word_1_319' title='bbox 353 3160 420 3223; x_wconf 86' lang='lat' dir='ltr'><strong>conj.</strong></span> <span class='ocrx_word' id='word_1_320' title='bbox 444 3159 574 3209; x_wconf 71' lang='lat' dir='ltr'><strong>barbarice</strong></span> <span class='ocrx_word' id='word_1_321' title='bbox 589 3159 694 3209; x_wconf 68' lang='lat' dir='ltr'><strong>uoflonie</strong></span> <span class='ocrx_word' id='word_1_322' title='bbox 709 3157 838 3208; x_wconf 76' lang='lat' dir='ltr'><strong>littoribus.</strong></span> <span class='ocrx_word' id='word_1_323' title='bbox 856 3157 942 3207; x_wconf 80' lang='lat' dir='ltr'><strong>Rivin.</strong></span> <span class='ocrx_word' id='word_1_324' title='bbox 959 3165 987 3206; x_wconf 84' lang='lat' dir='ltr'><strong>et</strong></span> <span class='ocrx_word' id='word_1_325' title='bbox 1004 3155 1065 3204; x_wconf 87' lang='lat' dir='ltr'><strong>edd.</strong></span> <span class='ocrx_word' id='word_1_326' title='bbox 1086 3163 1148 3205; x_wconf 85' lang='lat' dir='ltr'><strong>ente</strong></span> <span class='ocrx_word' id='word_1_327' title='bbox 1170 3157 1249 3206; x_wconf 81' lang='lat' dir='ltr'><strong>Grut.</strong></span> 
     </span>
     <span class='ocr_line' id='line_1_35' title="bbox 150 3219 1248 3286; baseline -0.001 -15"><span class='ocrx_word' id='word_1_328' title='bbox 150 3224 222 3272; x_wconf 84' lang='lat' dir='ltr'><strong>etium</strong></span> <span class='ocrx_word' id='word_1_329' title='bbox 232 3238 312 3286; x_wconf 80' lang='lat' dir='ltr'><strong>parem</strong></span> <span class='ocrx_word' id='word_1_330' title='bbox 319 3238 329 3280; x_wconf 88' lang='lat'><strong>‚·</strong></span> <span class='ocrx_word' id='word_1_331' title='bbox 343 3223 404 3272; x_wconf 82' lang='lat' dir='ltr'><strong>Vet.</strong></span> <span class='ocrx_word' id='word_1_332' title='bbox 416 3224 500 3275; x_wconf 85' lang='lat' dir='ltr'><strong>Livio.</strong></span> <span class='ocrx_word' id='word_1_333' title='bbox 511 3225 614 3274; x_wconf 89' lang='lat' dir='ltr'><strong>Bertin.</strong></span> <span class='ocrx_word' id='word_1_334' title='bbox 624 3224 737 3285; x_wconf 82' lang='lat' dir='ltr'><strong>Guelph.</strong></span> <span class='ocrx_word' id='word_1_335' title='bbox 745 3225 809 3272; x_wconf 86' lang='lat' dir='ltr'><strong>Exc.</strong></span> <span class='ocrx_word' id='word_1_336' title='bbox 819 3223 898 3272; x_wconf 80' lang='lat' dir='ltr'><strong>Voss.</strong></span> <span class='ocrx_word' id='word_1_337' title='bbox 911 3224 976 3271; x_wconf 85' lang='lat' dir='ltr'><strong>Exc.</strong></span> <span class='ocrx_word' id='word_1_338' title='bbox 984 3219 1131 3277; x_wconf 78' lang='lat' dir='ltr'><strong>Schouhov.</strong></span> <span class='ocrx_word' id='word_1_339' title='bbox 1139 3221 1248 3285; x_wconf 76' lang='lat' dir='ltr'><strong>Cuspio.</strong></span> 
     </span>
     <span class='ocr_line' id='line_1_36' title="bbox 151 3285 1248 3354; baseline 0.001 -17"><span class='ocrx_word' id='word_1_340' title='bbox 151 3288 230 3339; x_wconf 83' lang='lat' dir='ltr'><strong>Grut.</strong></span> <span class='ocrx_word' id='word_1_341' title='bbox 250 3297 278 3338; x_wconf 90' lang='lat' dir='ltr'><strong>et</strong></span> <span class='ocrx_word' id='word_1_342' title='bbox 297 3296 408 3340; x_wconf 75' lang='lat' dir='ltr'><strong>recenti.</strong></span> <span class='ocrx_word' id='word_1_343' title='bbox 425 3295 449 3354; x_wconf 76' lang='lat' dir='ltr'><strong>et</strong></span> <span class='ocrx_word' id='word_1_344' title='bbox 463 3305 561 3354; x_wconf 68' lang='lat' dir='ltr'><strong>pacem</strong></span> <span class='ocrx_word' id='word_1_345' title='bbox 579 3289 660 3345; x_wconf 85' lang='lat' dir='ltr'><strong>etsie</strong></span> <span class='ocrx_word' id='word_1_346' title='bbox 676 3288 746 3353; x_wconf 86' lang='lat' dir='ltr'><strong>conj.</strong></span> <span class='ocrx_word' id='word_1_347' title='bbox 765 3287 867 3340; x_wconf 81' lang='lat' dir='ltr'><strong>Acidal.</strong></span> <span class='ocrx_word' id='word_1_348' title='bbox 892 3287 981 3337; x_wconf 72' lang='lat' dir='ltr'><strong>diiecto</strong></span> <span class='ocrx_word' id='word_1_349' title='bbox 997 3285 1058 3336; x_wconf 82' lang='lat' dir='ltr'><strong>edd.</strong></span> <span class='ocrx_word' id='word_1_350' title='bbox 1069 3292 1135 3336; x_wconf 83' lang='lat' dir='ltr'><strong>vett.</strong></span> <span class='ocrx_word' id='word_1_351' title='bbox 1158 3288 1248 3338; x_wconf 76' lang='lat' dir='ltr'><strong>deiectu</strong></span> 
     </span>
    </p>
   </div>
   <div class='ocr_carea' id='block_1_8' title="bbox 648 3469 755 3522">
    <p class='ocr_par' dir='ltr' id='par_1_10' title="bbox 648 3469 755 3522">
     <span class='ocr_line' id='line_1_37' title="bbox 648 3469 755 3522; baseline 0 0"><span class='ocrx_word' id='word_1_352' title='bbox 648 3469 755 3522; x_wconf 77' lang='lat' dir='ltr'>NOTAE</span> 
     </span>
    </p>
   </div>
   <div class='ocr_carea' id='block_1_9' title="bbox 152 3580 1253 4271">
    <p class='ocr_par' dir='ltr' id='par_1_11' title="bbox 152 3580 1251 3880">
     <span class='ocr_line' id='line_1_38' title="bbox 184 3580 1251 3650; baseline -0.003 -15"><span class='ocrx_word' id='word_1_353' title='bbox 184 3585 249 3636; x_wconf 76' lang='lat' dir='ltr'><strong>‘Itu</strong></span> <span class='ocrx_word' id='word_1_354' title='bbox 267 3586 348 3650; x_wconf 80' lang='lat' dir='ltr'><strong>quieto</strong></span> <span class='ocrx_word' id='word_1_355' title='bbox 364 3585 436 3648; x_wconf 85' lang='lat' dir='ltr'><strong>muri]</strong></span> <span class='ocrx_word' id='word_1_356' title='bbox 460 3586 526 3635; x_wconf 84' lang='lat' dir='ltr'><strong>Post</strong></span> <span class='ocrx_word' id='word_1_357' title='bbox 548 3599 683 3648; x_wconf 74' lang='lat' dir='ltr'><strong>recupero·</strong></span> <span class='ocrx_word' id='word_1_358' title='bbox 717 3586 807 3636; x_wconf 78' lang='lat' dir='ltr'><strong>Talem</strong></span> <span class='ocrx_word' id='word_1_359' title='bbox 826 3599 854 3634; x_wconf 86' lang='lat' dir='ltr'><strong>se</strong></span> <span class='ocrx_word' id='word_1_360' title='bbox 874 3582 997 3647; x_wconf 69' lang='lat' dir='ltr'><strong>prebuit,</strong></span> <span class='ocrx_word' id='word_1_361' title='bbox 1014 3587 1044 3630; x_wconf 90' lang='lat' dir='ltr'><strong>et</strong></span> <span class='ocrx_word' id='word_1_362' title='bbox 1061 3580 1197 3644; x_wconf 64' lang='lat' dir='ltr'><strong>prestitit,</strong></span> <span class='ocrx_word' id='word_1_363' title='bbox 1212 3588 1251 3648; x_wconf 85' lang='lat' dir='ltr'><strong>ut,</strong></span> 
     </span>
     <span class='ocr_line' id='line_1_39' title="bbox 152 3657 1251 3725; baseline -0.006 -10"><span class='ocrx_word' id='word_1_364' title='bbox 152 3674 192 3715; x_wconf 80' lang='lat' dir='ltr'><strong>tes</strong></span> <span class='ocrx_word' id='word_1_365' title='bbox 211 3663 313 3713; x_wconf 88' lang='lat' dir='ltr'><strong>decimo</strong></span> <span class='ocrx_word' id='word_1_366' title='bbox 331 3662 435 3711; x_wconf 77' lang='lat' dir='ltr'><strong>taudem</strong></span> <span class='ocrx_word' id='word_1_367' title='bbox 453 3678 518 3712; x_wconf 85' lang='lat' dir='ltr'><strong>euno</strong></span> <span class='ocrx_word' id='word_1_368' title='bbox 535 3664 683 3714; x_wconf 79' lang='lat' dir='ltr'><strong>Britannice</strong></span> <span class='ocrx_word' id='word_1_369' title='bbox 716 3666 769 3712; x_wconf 73' lang='lat' dir='ltr'><strong>duc.</strong></span> <span class='ocrx_word' id='word_1_370' title='bbox 785 3662 828 3712; x_wconf 83' lang='lat' dir='ltr'><strong>elii</strong></span> <span class='ocrx_word' id='word_1_371' title='bbox 845 3661 946 3725; x_wconf 76' lang='lat' dir='ltr'><strong>legunt,</strong></span> <span class='ocrx_word' id='word_1_372' title='bbox 962 3673 987 3708; x_wconf 80' lang='lat' dir='ltr'><strong>ee</strong></span> <span class='ocrx_word' id='word_1_373' title='bbox 1002 3657 1251 3718; x_wconf 55' lang='lat' dir='ltr'><strong>&amp;ramositatem-r</strong></span> 
     </span>
     <span class='ocr_line' id='line_1_40' title="bbox 152 3734 1250 3805; baseline -0.005 -14"><span class='ocrx_word' id='word_1_374' title='bbox 152 3744 202 3792; x_wconf 88' lang='lat' dir='ltr'><strong>huc</strong></span> <span class='ocrx_word' id='word_1_375' title='bbox 224 3742 308 3791; x_wconf 83' lang='lat' dir='ltr'><strong>victor</strong></span> <span class='ocrx_word' id='word_1_376' title='bbox 334 3739 488 3803; x_wconf 75' lang='lat' dir='ltr'><strong>ingreditur.</strong></span> <span class='ocrx_word' id='word_1_377' title='bbox 530 3742 630 3805; x_wconf 74' lang='lat' dir='ltr'><strong>Puueg.</strong></span> <span class='ocrx_word' id='word_1_378' title='bbox 656 3756 682 3792; x_wconf 89' lang='lat' dir='ltr'><strong>v.</strong></span> <span class='ocrx_word' id='word_1_379' title='bbox 718 3734 1166 3804; x_wconf 71' lang='lat' dir='ltr'><strong>veipotius,eeejuonodioiedieen</strong></span> <span class='ocrx_word' id='word_1_380' title='bbox 1176 3737 1250 3794; x_wconf 76' lang='lat' dir='ltr'><strong>dedit,</strong></span> 
     </span>
     <span class='ocr_line' id='line_1_41' title="bbox 154 3820 759 3880; baseline -0.007 -10"><span class='ocrx_word' id='word_1_381' title='bbox 154 3825 195 3871; x_wconf 81' lang='lat'><strong>19.</strong></span> <span class='ocrx_word' id='word_1_382' title='bbox 717 3820 759 3880; x_wconf 69' lang='lat' dir='ltr'><strong>tre.</strong></span> 
     </span>
    </p>

    <p class='ocr_par' dir='ltr' id='par_1_12' title="bbox 154 3888 1251 4039">
     <span class='ocr_line' id='line_1_42' title="bbox 186 3888 1251 3961; baseline -0.005 -17"><span class='ocrx_word' id='word_1_383' title='bbox 186 3905 199 3940; x_wconf 78' lang='lat' dir='ltr'><strong>t</strong></span> <span class='ocrx_word' id='word_1_384' title='bbox 218 3897 294 3946; x_wconf 75' lang='lat' dir='ltr'><strong>Victis</strong></span> <span class='ocrx_word' id='word_1_385' title='bbox 304 3897 455 3961; x_wconf 81' lang='lat' dir='ltr'><strong>temperarit]</strong></span> <span class='ocrx_word' id='word_1_386' title='bbox 474 3897 495 3946; x_wconf 78' lang='lat' dir='ltr'><em>A</em></span> <span class='ocrx_word' id='word_1_387' title='bbox 511 3897 582 3947; x_wconf 76' lang='lat' dir='ltr'><strong>uictis</strong></span> <span class='ocrx_word' id='word_1_388' title='bbox 597 3901 683 3961; x_wconf 84' lang='lat' dir='ltr'><strong>tempe·</strong></span> <span class='ocrx_word' id='word_1_389' title='bbox 752 3893 760 3926; x_wconf 90' lang='lat'>¹</span> <span class='ocrx_word' id='word_1_390' title='bbox 776 3891 888 3956; x_wconf 75' lang='lat' dir='ltr'><strong>Propriis</strong></span> <span class='ocrx_word' id='word_1_391' title='bbox 903 3905 934 3942; x_wconf 81' lang='lat' dir='ltr'><strong>ex</strong></span> <span class='ocrx_word' id='word_1_392' title='bbox 947 3888 1054 3954; x_wconf 73' lang='lat' dir='ltr'><strong>origine]</strong></span> <span class='ocrx_word' id='word_1_393' title='bbox 1072 3889 1189 3940; x_wconf 79' lang='lat' dir='ltr'><strong>Freueou</strong></span> <span class='ocrx_word' id='word_1_394' title='bbox 1202 3905 1251 3939; x_wconf 75' lang='lat' dir='ltr'><strong>uon</strong></span> 
     </span>
     <span class='ocr_line' id='line_1_43' title="bbox 154 3965 1251 4039; baseline -0.001 -17"><span class='ocrx_word' id='word_1_395' title='bbox 154 3975 228 4039; x_wconf 83' lang='lat' dir='ltr'><strong>ravit,</strong></span> <span class='ocrx_word' id='word_1_396' title='bbox 239 3975 362 4024; x_wconf 84' lang='lat' dir='ltr'><strong>Burthius</strong></span> <span class='ocrx_word' id='word_1_397' title='bbox 375 3973 485 4023; x_wconf 72' lang='lat' dir='ltr'><strong>Adsere.</strong></span> <span class='ocrx_word' id='word_1_398' title='bbox 497 3987 558 4023; x_wconf 80' lang='lat' dir='ltr'><strong>xiv.</strong></span> <span class='ocrx_word' id='word_1_399' title='bbox 568 3978 593 4023; x_wconf 85' lang='grc'><strong>9.</strong></span> <span class='ocrx_word' id='word_1_400' title='bbox 613 3965 615 3969; x_wconf 58' lang='grc'>’</span> <span class='ocrx_word' id='word_1_401' title='bbox 720 3975 796 4024; x_wconf 90' lang='lat' dir='ltr'><strong>modo</strong></span> <span class='ocrx_word' id='word_1_402' title='bbox 808 3975 833 4022; x_wconf 92' lang='lat' dir='ltr'><strong>iu</strong></span> <span class='ocrx_word' id='word_1_403' title='bbox 847 3973 938 4024; x_wconf 81' lang='lat' dir='ltr'><strong>Galliis</strong></span> <span class='ocrx_word' id='word_1_404' title='bbox 949 3979 977 4020; x_wconf 84' lang='lat' dir='ltr'><strong>et</strong></span> <span class='ocrx_word' id='word_1_405' title='bbox 992 3970 1115 4032; x_wconf 72' lang='lat' dir='ltr'><strong>caturia,</strong></span> <span class='ocrx_word' id='word_1_406' title='bbox 1125 3969 1170 4020; x_wconf 87' lang='lat' dir='ltr'><strong>ubi</strong></span> <span class='ocrx_word' id='word_1_407' title='bbox 1181 3986 1251 4033; x_wconf 65' lang='lat' dir='ltr'><strong>gree·</strong></span> 
     </span>
    </p>

    <p class='ocr_par' dir='ltr' id='par_1_13' title="bbox 156 4047 1253 4271">
     <span class='ocr_line' id='line_1_44' title="bbox 188 4047 1252 4115; baseline -0.005 -14"><span class='ocrx_word' id='word_1_408' title='bbox 188 4050 200 4084; x_wconf 71' lang='lat'><strong>¹¹</strong></span> <span class='ocrx_word' id='word_1_409' title='bbox 217 4051 249 4101; x_wconf 82' lang='lat' dir='ltr'><strong>Se</strong></span> <span class='ocrx_word' id='word_1_410' title='bbox 267 4051 495 4113; x_wconf 56' lang='lat' dir='ltr'><strong>duemcdijudicem</strong></span> <span class='ocrx_word' id='word_1_411' title='bbox 514 4050 631 4115; x_wconf 80' lang='lat' dir='ltr'><strong>[judicio]</strong></span> <span class='ocrx_word' id='word_1_412' title='bbox 645 4053 686 4101; x_wconf 88' lang='lat' dir='ltr'><strong>de·</strong></span> <span class='ocrx_word' id='word_1_413' title='bbox 721 4047 1252 4110; x_wconf 72' lang='lat' dir='ltr'><strong>subestur,sedetiemiuGermuuiciue·</strong></span> 
     </span>
     <span class='ocr_line' id='line_1_45' title="bbox 156 4121 1253 4193; baseline -0.003 -16"><span class='ocrx_word' id='word_1_414' title='bbox 156 4125 206 4189; x_wconf 88' lang='lat' dir='ltr'><strong>dit]</strong></span> <span class='ocrx_word' id='word_1_415' title='bbox 223 4128 363 4178; x_wconf 81' lang='lat' dir='ltr'><strong>Abundere</strong></span> <span class='ocrx_word' id='word_1_416' title='bbox 383 4129 486 4178; x_wconf 88' lang='lat' dir='ltr'><strong>videtur</strong></span> <span class='ocrx_word' id='word_1_417' title='bbox 498 4143 546 4176; x_wconf 85' lang='lat' dir='ltr'><strong>vox</strong></span> <span class='ocrx_word' id='word_1_418' title='bbox 564 4129 607 4176; x_wconf 80' lang='lat' dir='ltr'><strong>iliu</strong></span> <span class='ocrx_word' id='word_1_419' title='bbox 618 4129 686 4190; x_wconf 72' lang='lat' dir='ltr'><strong>judi·</strong></span> <span class='ocrx_word' id='word_1_420' title='bbox 722 4130 758 4177; x_wconf 83' lang='lat' dir='ltr'><strong>ris</strong></span> <span class='ocrx_word' id='word_1_421' title='bbox 768 4136 842 4193; x_wconf 83' lang='lat' dir='ltr'><strong>purte</strong></span> <span class='ocrx_word' id='word_1_422' title='bbox 850 4124 1066 4191; x_wconf 72' lang='lat' dir='ltr'><strong>septemtrionali,</strong></span> <span class='ocrx_word' id='word_1_423' title='bbox 1074 4121 1101 4172; x_wconf 82' lang='lat' dir='ltr'><strong>id</strong></span> <span class='ocrx_word' id='word_1_424' title='bbox 1109 4129 1161 4187; x_wconf 82' lang='lat' dir='ltr'><strong>eut,</strong></span> <span class='ocrx_word' id='word_1_425' title='bbox 1169 4124 1196 4174; x_wconf 92' lang='lat' dir='ltr'><strong>iu</strong></span> <span class='ocrx_word' id='word_1_426' title='bbox 1204 4125 1253 4174; x_wconf 61' lang='lat' dir='ltr'><strong>orie</strong></span> 
     </span>
     <span class='ocr_line' id='line_1_46' title="bbox 157 4199 1253 4271; baseline 0 -19"><span class='ocrx_word' id='word_1_427' title='bbox 157 4204 208 4254; x_wconf 84' lang='lat' dir='ltr'><strong>eto:</strong></span> <span class='ocrx_word' id='word_1_428' title='bbox 225 4205 315 4271; x_wconf 77' lang='lat' dir='ltr'><strong>igitur,</strong></span> <span class='ocrx_word' id='word_1_429' title='bbox 337 4207 382 4256; x_wconf 83' lang='lat' dir='ltr'><strong>itte</strong></span> <span class='ocrx_word' id='word_1_430' title='bbox 404 4207 496 4270; x_wconf 80' lang='lat' dir='ltr'><strong>ejecta,</strong></span> <span class='ocrx_word' id='word_1_431' title='bbox 516 4219 606 4256; x_wconf 76' lang='lat' dir='ltr'><strong>seusus</strong></span> <span class='ocrx_word' id='word_1_432' title='bbox 628 4214 685 4256; x_wconf 80' lang='lat' dir='ltr'><strong>est:</strong></span> <span class='ocrx_word' id='word_1_433' title='bbox 723 4206 789 4270; x_wconf 76' lang='lat' dir='ltr'><strong>ginis</strong></span> <span class='ocrx_word' id='word_1_434' title='bbox 802 4219 853 4256; x_wconf 80' lang='lat' dir='ltr'><strong>sure</strong></span> <span class='ocrx_word' id='word_1_435' title='bbox 865 4199 1184 4268; x_wconf 76' lang='lat' dir='ltr'><strong>toeo‚victosiudeierru</strong></span> <span class='ocrx_word' id='word_1_436' title='bbox 1192 4201 1253 4253; x_wconf 78' lang='lat' dir='ltr'><strong>Gei-</strong></span> 
     </span>
    </p>
   </div>
   <div class='ocr_carea' id='block_1_10' title="bbox 0 0 1405 4726">
    <p class='ocr_par' dir='ltr' id='par_1_14' title="bbox 0 0 1405 4726">
     <span class='ocr_line' id='line_1_47' title="bbox 0 0 1405 4726; baseline 0 0"><span class='ocrx_word' id='word_1_437' title='bbox 0 0 1405 4726; x_wconf 95' lang='lat' dir='ltr'><strong> </strong></span> 
     </span>
    </p>
   </div>
  </div>
 </body>
</html>
