2730 4726
132 313 219 383 1294
447 328 612 381 suuntur
637 327 911 382 enunciamus

130 475 327 548 secundam,
341 474 401 540 sed
423 475 562 541 altarum
584 476 700 555 decus,
716 496 795 541 cum
817 477 897 543 belli
914 479 949 543 in
964 478 1139 544 Britannia
1152 498 1235 545 con·

127 574 225 644 fractij
240 577 374 643 laudem
390 575 562 644 Antonino
577 580 730 662 Principi
745 580 849 657 daret,
866 582 1019 664 quamvis
1033 582 1137 645 illain
1152 581 1233 664 ipso

128 681 220 745 urbis
242 681 378 746 Palatio
397 680 544 745 residens
564 681 698 761 gerendi
718 681 793 764 ejus
813 680 1005 746 mandasset
1029 683 1233 765 auspicium,

129 786 235 850 veluti
249 785 361 867 longae
381 780 503 849 navis¹¹
523 785 761 866 gubernaculis
776 785 1031 867 praesidentem‘
1053 787 1159 850 totius
1176 806 1232 850 ve-

128 887 323 953 lificationis
339 894 375 951 et
390 906 508 952 cursus
524 888 663 969 gloriam
687 889 849 953 meruisse
871 893 1011 953 testatus
1027 896 1089 953 est.
1132 890 1166 952 3.
1185 888 1234 953 At

130 991 218 1055 enirn
242 996 290 1067 tu,
317 987 434 1053 Caesar
459 989 595 1064 invicte,
624 990 735 1054 omnis
758 990 860 1054 istius
885 998 919 1054 et
942 991 1176 1072 navigationis,
1200 997 1234 1056 et

129 1091 221 1170 belli,
234 1111 302 1155 non
323 1092 426 1156 modo
447 1110 508 1174 pro
523 1092 656 1175 imperii
672 1092 748 1175 jure
768 1100 969 1176 praeceptor,
987 1093 1047 1156 sed
1063 1093 1164 1156 rebus
1180 1093 1229 1176 ip·

128 1195 188 1271 sis,
211 1201 246 1257 ct
269 1193 426 1277 exemplo
452 1193 648 1258 constantiae
671 1200 747 1256 tuae.
761 1192 921 1272 bortatur,
943 1201 1042 1278 atque
1064 1195 1233 1277 impulsor

127 1295 233 1361 fuisti.
277 1295 310 1359 4.
333 1294 431 1358 Prior
454 1293 619 1377 siquidem
640 1313 661 1358 a
682 1293 918 1360 Gesoriacensi
940 1297 1052 1361 littore
1074 1298 1233 1380 quamvis

97 1447 100 1450 ⁴
127 1397 290 1462 fervidum
306 1397 459 1462 invectus
475 1395 672 1475 Oceanum}
687 1397 788 1462 etiarn
803 1397 852 1461 illi
868 1399 1031 1463 exercitui
1045 1403 1114 1476 tuo,
1129 1418 1232 1482 quem

128 1498 288 1582 Sequana
303 1499 337 1563 in
352 1497 476 1563 fluctus
490 1493 688 1569 invexerat,¹
710 1498 959 1563 irrevocabilem
976 1498 1122 1582 injecisti
1137 1519 1232 1564 men·

128 1600 172 1665 tis
196 1600 367 1680 ardorem3
390 1600 487 1677 adeo,
507 1609 555 1678 ut,
575 1600 808 1664 cunctantibus
832 1599 943 1665 adbuc
965 1601 1122 1677 ducibus,
1142 1601 1232 1666 coelo

127 1711 163 1765 et
190 1703 275 1767 mari
305 1700 457 1778 turbidis,
484 1701 572 1765 ultro
598 1700 729 1781 signum
753 1701 982 1783 navigationis
1007 1709 1231 1785 exposceret3

128 1804 285 1887 quaedam
308 1804 451 1868 minacia
472 1801 577 1885 signa,
590 1821 668 1885 quae
683 1801 888 1882 videbantur,
904 1808 1153 1884 contemneret3
1177 1802 1232 1866 die

128 1906 246 1990 pluvio
266 1906 342 1970 vala
361 1904 505 1986 facerem
527 1910 673 1982 ventum,
693 1905 772 1986 quia
792 1905 940 1969 directus
959 1924 1026 1968 non
1048 1910 1131 1980 erat,
1148 1924 1229 1986 cap-

127 2014 213 2072 taret
232 2007 415 2091 obliquum.
458 2008 491 2070 5.
515 2004 603 2085 Quis
623 2004 712 2070 enim
735 2025 785 2083 se,
801 2006 985 2089 quamlibet
1006 2007 1122 2090 iniquo
1136 2004 1232 2082 mari,

128 2130 195 2174 aon
216 2111 353 2175 auderet
374 2107 519 2188 credere,
539 2117 573 2174 te
595 2109 801 2191 navigante't
846 2106 1017 2185 Omnium,
1037 2116 1075 2172 nt
1095 2107 1230 2187 dicitur,

160 2301 171 2327 θ
189 2292 266 2350 Quasi
275 2293 410 2358 profuisset
418 2291 579 2355 gubernandis
590 2290 669 2353 longia
677 2291 786 2341 nauibus.

159 2355 172 2390 ⁶
188 2359 212 2407 Ε
220 2358 385 2409 (lauriacensi
395 2358 449 2423 ripa
456 2357 611 2422 procellosum
622 2353 873 2418 ingrerrm'ocranum.
893 2415 895 2419 ¹

586 2489 769 2513 “beennon

214 2611 220 2622 .
302 2626 309 2640 ‚
408 2607 425 2636 ,,
531 2630 561 2646 ,-
676 2608 681 2620 .
994 2608 1026 2622 ..
1196 2608 1202 2619 .

124 2606 1231 2736 tutaturatnttttnttttttttitt‘ttettttltrntttttt

127 2741 226 2791 tPrior
232 2741 347 2804 siquidem
355 2739 469 2803 Guelpb.
477 2739 544 2788 Exc.
552 2739 697 2790 Scbouhov.
708 2746 735 2790 et
744 2740 804 2789 edd.
813 2746 871 2802 port
880 2739 958 2788 Grat.
971 2738 1159 2791 Priordeertin
1169 2738 1231 2787 edd.

127 2812 188 2855 anta
199 2807 277 2856 Grnt.
293 2804 416 2868 Siquidem
426 2804 506 2866 magia
520 2803 683 2854 Gesoriacerrar'
695 2805 756 2854 edd.
769 2804 886 2868 quadarn
905 2812 970 2852 vett.
986 2803 1053 2851 Vide
1066 2804 1142 2853 Nott.
1154 2804 1232 2853 Varr.

129 2870 204 2926 Quem
216 2872 351 2935 Sequanam
362 2869 422 2918 edd.
434 2876 495 2918 aute
507 2867 585 2918 Grut.
614 2869 690 2925 Quem
700 2870 726 2919 in
738 2871 872 2932 Sequanam
884 2869 943 2917 Vet.
951 2867 1013 2917 Pnt.
1021 2868 1128 2930 Sarapin.
1136 2868 1230 2931 steph.

128 2936 244 2998 Sequana
247 2937 340 3001 fluctus
353 2935 443 2997 Langii
451 2933 553 2983 schedae
563 2949 570 2993 ;
582 2947 650 2996 quem
661 2934 770 2997 Sequana
777 2949 862 2983 eumue
869 2933 953 2982 Livin-
963 2947 1030 2994 quem
1039 2932 1174 2994 Sequanam
1183 2932 1231 2982 niri

126 3000 228 3051 Bertiu.
255 3014 323 3063 quem
341 2999 450 3062 Sequana
465 2999 492 3046 in
502 2998 594 3062 fluetus
614 2998 692 3048 Grnt.
717 3014 784 3062 quem
804 2999 913 3061 Sequana
924 2997 1016 3062 sturiae
1035 2995 1136 3045 Acidal.
1163 3012 1231 3059 quem

127 3063 260 3126 Sequanam
269 3063 362 3127 fluetus
374 3063 491 3112 Patarol.
508 3065 533 3110 in
544 3061 679 3124 Sequanam
691 3064 727 3112 uia
742 3063 830 3113 Moerl.
855 3064 880 3110 in
894 3063 1026 3125 Sequanam
1037 3063 1062 3110 ni
1072 3061 1141 3110 Grrd.
1176 3063 1228 3110 Pro

126 3130 221 3184 mentia,
233 3128 300 3192 quod
313 3134 418 3176 servant
429 3128 491 3176 Vet.
506 3125 617 3175 Putean.
629 3127 731 3177 Bertin.
745 3128 835 3189 bangii
845 3127 956 3185 schedae,
968 3126 1055 3175 Moeri.
1067 3126 1182 3188 Guelqrb,
1204 3126 1230 3175 in

125 3192 158 3242 iia
169 3193 293 3244 exhibent
305 3192 366 3244 edd.
386 3199 448 3243 anta
468 3190 547 3243 Grnr.
565 3197 593 3241 et
609 3190 646 3241 ric
658 3194 727 3257 conj.
737 3191 841 3242 Acidat.
875 3193 950 3248 Mox,
968 3190 1071 3241 minaria
1087 3190 1229 3242 uidebantur

599 3384 608 3391 .
627 3335 736 3388 NOTAE

126 3430 277 3487 vidiaui,aic
290 3431 376 3482 aetatis
386 3447 440 3481 sua
450 3438 568 3482 oratores
579 3431 659 3481 bene·
700 3433 803 3497 accepit
818 3444 927 3499 propter
939 3434 1067 3486 Armenoc
1077 3441 1105 3483 et
1117 3433 1230 3485 Partbor

127 3509 202 3558 multi
212 3507 442 3559 Frontonianidici
454 3507 658 3560 veilent-Sidon.
699 3510 732 3559 ab
744 3511 799 3575 ejus
811 3512 904 3574 legatis
913 3513 1042 3562 subactos.

126 3588 184 3634 1.1.
700 3613 702 3617 -
732 3582 942 3649 '‘Langmunir]
960 3587 1005 3636 Sic
1024 3584 1230 3649 longianaribus

155 3662 165 3706 l
184 3661 248 3712 Belli
259 3661 285 3710 in
297 3661 430 3717 Britannia
441 3659 555 3723 confecti]
572 3660 658 3725 Hujus
700 3661 841 3724 Curarem,
852 3670 881 3712 nt
892 3663 918 3711 in
933 3662 1093 3712 britanniam
1106 3661 1230 3712 transfre-

126 3738 274 3791 Britannici
284 3737 344 3786 belli
362 3753 450 3788 curam
468 3738 609 3801 Calpurnio
625 3739 659 3787 A·
699 3744 856 3799 tarenorum
868 3753 924 3787 esse
934 3739 1042 3801 legimns
1055 3738 1229 3802 inejuacom-

126 3815 232 3880 aricolae
245 3812 368 3863 traditam
388 3812 468 3864 luisse
481 3811 562 3864 refert
572 3813 658 3864 Julius
698 3814 834 3863 mauturiia
846 3813 880 3862 de
892 3814 966 3863 Bello
976 3813 1089 3864 Gallico.

126 3891 292 3957 Capitolinus
304 3890 329 3939 iu
339 3889 393 3939 vita
403 3888 530 3940 Antonini
541 3889 658 3939 Pbiloao·
734 3889 741 3924 ¹
755 3889 787 3937 ln
803 3889 897 3953 fluctus
917 3888 1054 3952 inuenerat]
1081 3888 1114 3937 Id
1137 3894 1187 3952 est,
1203 3889 1229 3938 in

126 3968 181 4032 pbi,
191 3981 267 4032 quem
280 3967 318 4016 ita
328 3972 409 4016 toturn
421 3964 501 4015 fnisse
512 3965 538 4013 in
548 3965 658 4027 pbiloso·
698 3978 831 4015 oceanum.
865 3964 918 4014 Hic
933 3965 1026 4014 relicta
1044 3965 1159 4014 Puteani
1176 3964 1232 4014 edi-

127 4047 195 4110 phire
218 4046 304 4095 stadio
328 4044 412 4108 addit,
433 4049 462 4092 ut
488 4043 553 4092 nulli
575 4041 657 4093 ferme
698 4039 1233 4104 tione,ubilegitnr‚quemSequanurnstrrc·

127 4120 196 4170 bello
209 4119 373 4172 interfueritr
393 4126 556 4186 quapropter
567 4118 662 4168 Arme·
696 4122 735 4167 tur
746 4117 881 4176 inuenerat,
898 4117 1009 4168 Gruteri
1020 4116 1230 4169 emendationem

127 4194 180 4245 uici
191 4201 218 4246 at
230 4195 348 4250 Parthici
365 4205 458 4248 nomen
470 4208 540 4260 agre
551 4193 656 4259 quidem
703 4199 798 4245 acutus
810 4207 877 4246 rum.
