2730 4726
127 299 214 367 1296
445 314 611 366 suuntur
636 314 913 367 rannernrcns

126 469 252 528 certam
268 459 332 524 sibi
347 458 509 544 spondere
522 459 701 540 fortunam,
713 480 782 525 non
794 469 863 526 tam
875 465 928 526 est
939 459 1066 527 fiducia
1076 460 1252 553 militum,

127 583 228 648 quam
247 562 390 627 felicitas
411 563 659 645 imperatorum.
703 566 736 628 5.
758 563 840 648 Ipse
860 565 917 629 ille
937 572 1046 630 autem
1073 566 1237 649 signifer⁰

125 666 263 732 nefariae
284 665 453 742 factionis,
470 685 529 729 cur
548 666 592 729 ab
613 661 654 728 eo
675 666 799 745 littore,
822 665 914 748 quod
937 667 1083 745 tenebat,
1096 669 1235 733 absces-

125 769 193 834 sitl
215 788 275 833 cur
289 767 443 843 classem,
456 776 659 850 portumque
676 767 849 833 deseruitl
871 768 936 832 nisi
952 768 1043 852 qnod
1058 775 1102 850 te,
1113 769 1235 834 Gaesar

126 870 264 948 invicte,
275 868 371 952 cujus
384 869 594 933 imminentia
605 870 679 933 vela
691 876 926 953 conspexerat,
937 872 1048 936 timuit
1057 871 1131 954 jam
1143 872 1232 955 jam·

126 993 194 1058 que
206 979 390 1036 venturum.
432 971 464 1034 6.
488 970 682 1055 Utcumque
699 992 776 1036 cum
792 973 935 1038 ducibus
950 975 1018 1038 tuis
1033 973 1156 1040 maluit
1171 992 1231 1039 cx·

125 1074 351 1160 periniquum
366 1093 515 1155 praesens
528 1073 720 1157 majestatis
734 1081 802 1139 ture
816 1075 942 1139 fulmen
956 1077 1128 1159 excipere.
1162 1077 1233 1141 De·

126 1196 231 1254 meus,
244 1178 305 1261 qui
326 1176 514 1253 nesciebat,
529 1195 742 1260 quacumque
763 1177 900 1258 fugeret,
921 1179 1044 1260 ubique
1065 1179 1136 1242 vim
1156 1199 1232 1244 ves-

126 1287 188 1345 trae
209 1279 395 1345 divinitatis
418 1299 506 1356 esse,
527 1279 586 1343 ubi
609 1281 719 1345 vultus
740 1279 854 1352 vestri,
877 1280 937 1344 ubi
960 1282 1059 1363 signa
1082 1281 1231 1346 coleren-

126 1389 191 1449 tur.

170 1483 260 1549 Gne.
284 1498 368 1546 xvr.
404 1484 435 1546 1.
457 1482 509 1547 Te
528 1490 642 1548 tumen
664 1484 723 1549 ille
746 1483 876 1566 fugiens
896 1482 1018 1549 incidit
1038 1483 1074 1547 iu
1096 1488 1231 1549 tuorum

126 1604 267 1665 mauns3
287 1603 309 1648 a
332 1590 365 1648 te
387 1584 510 1659 victus,
527 1605 549 1650 a
570 1586 636 1649 tuis
657 1587 865 1650 exercitibus
884 1603 1069 1670 oppressus
1089 1591 1154 1650 est.
1197 1585 1231 1650 2.

127 1687 281 1770 Denique
303 1685 391 1751 adeo
411 1686 573 1769 trepidus,
586 1692 620 1750 et
640 1695 672 1751 to
692 1695 776 1770 post
795 1697 891 1770 terga
914 1689 1127 1771 respiciens?
1145 1689 1231 1752 etin

126 1788 264 1853 modum
288 1790 430 1853 amentis
456 1790 618 1854 attonitus
643 1791 840 1874 properavit
864 1790 907 1855 ad
930 1795 1082 1868 mortem,
1105 1796 1145 1854 ut
1170 1807 1232 1852 nec

126 1892 305 1975 explicarit
317 1892 433 1970 aciem,
447 1911 511 1956 nec
526 1912 642 1956 omnes
656 1893 786 1977 copias,
801 1912 888 1976 quas
902 1890 1067 1970 trahebat,
1082 1893 1231 1956 instrux-

128 1993 203 2071 erit,
230 1991 289 2058 sed
314 2012 390 2057 cnm
418 1995 588 2059 veteribus
612 1994 679 2058 illis
702 1993 941 2077 conjurationis
967 1994 1178 2064 auctoribus,
1198 1996 1232 2056 et

126 2097 338 2161 mercenariis
358 2098 474 2160 cuneis
489 2099 717 2175 barbarorum,
733 2097 822 2161 tanti
836 2103 1020 2180 apparatus
1034 2096 1174 2175 oblitus,
1188 2096 1231 2159 ir·

127 2199 240 2264 ruerit.
282 2199 315 2264 3.
338 2198 450 2278 Adeo,
465 2198 593 2276 Caesar,
608 2200 674 2262 hoc
696 2201 796 2263 etiam
811 2198 1009 2282 reipublicae
1026 2199 1143 2263 tribuit
1157 2217 1232 2262 ves·

127 2306 180 2364 tra
198 2298 352 2378 felicitas,
369 2309 407 2364 nt
424 2321 522 2366 nemo
537 2303 605 2366 fere
621 2301 796 2366 Romanus
812 2299 985 2378 occiderit,
1001 2300 1145 2384 imperio
1159 2301 1232 2364 viu·

127 2408 223 2466 ceute
239 2402 406 2467 Romano.
441 2403 566 2468 Omnes
579 2405 664 2467 enim
681 2403 771 2481 illos,
786 2410 825 2467 ut
840 2403 954 2478 audio,
970 2421 1111 2485 campos
1126 2409 1231 2484 atque

128 2504 234 2568 colles
255 2524 324 2568 uon
345 2506 411 2568 nisi
434 2507 670 2570 teterrimorum
693 2502 841 2568 hostium
865 2523 1011 2587 corpora
1033 2504 1111 2567 fusa
1134 2512 1231 2569 texe·

127 2613 213 2672 runt.
255 2609 289 2670 4.
312 2606 378 2671 Illa
398 2608 552 2684 barbara,
568 2614 626 2671 aut
647 2607 835 2672 imitatione
855 2607 1022 2671 barbariae
1037 2605 1117 2668 olim
1134 2605 1231 2670 cultu

127 2710 244 2788 vestis,
270 2716 304 2774 et
325 2709 458 2793 prolixo
484 2710 574 2773 crine
601 2707 807 2786 rutilantia!
825 2713 904 2772 tunc
930 2727 1011 2771 vero
1035 2707 1175 2791 pulvere
1200 2711 1233 2771 et

154 2891 172 2934 s
184 2892 227 2942 Ilii
237 2892 333 2942 berturi
342 2894 379 2942 oei
393 2894 434 2956 qni
451 2893 604 2944 barbarorum
614 2907 679 2942 more
688 2895 805 2956 quondum
815 2893 907 2955 vertiti,
917 2892 1046 2955 longiorem
1057 2905 1161 2955 comum,
1172 2905 1232 2940 rom·

127 2972 172 3020 qne
182 2958 281 3007 rutilum
290 2960 408 3008 clamant.

125 3133 176 3181 tuit
187 3131 334 3194 hegen-6
345 3131 459 3195 Guelplr.
476 3132 582 3196 cuspin.
597 3134 685 3182 Moert.
705 3139 733 3182 et
749 3133 810 3183 edd.
828 3139 894 3182 vett.
908 3133 1027 3196 sigerum
1050 3134 1112 3181 Ver.
1129 3133 1231 3183 Bertiu.

126 3205 154 3246 et
165 3197 272 3247 Gruteri
284 3197 361 3246 codd.
370 3197 487 3260 sugeret,·
515 3199 619 3247 Acidal.
634 3199 703 3262 conj.
718 3213 862 3262 quecumque
871 3199 982 3259 sugeret·
1016 3198 1083 3247 Edd.
1097 3208 1164 3248 retr.
1180 3199 1230 3248 ubi·

128 3277 173 3325 pne
188 3262 303 3374 neptium·
330 3264 389 3311 Ver.
401 3264 502 3313 Bertin.
516 3265 623 3328 Cuspin.
636 3264 721 3313 Moerl.
732 3274 759 3312 et
771 3266 830 3312 edd.
842 3272 953 3313 recentt.
964 3263 1050 3326 ubique
1060 3263 1118 3312 uim.
1144 3265 1231 3313 Moerl.

129 3326 275 3375 nirinntnr.

161 3392 229 3440 Gru.
242 3404 300 3439 xvr.
317 3395 330 3439 1
343 3391 456 3452 Guelplr.
471 3393 513 3442 iliu
521 3392 682 3454 fugient-2
695 3392 783 3441 Ririn.
797 3400 824 3442 et
836 3391 898 3441 edd.
910 3398 976 3440 vett.
995 3397 1055 3440 ente
1070 3390 1151 3440 Grut.
1163 3392 1230 3442 iliius

127 3455 315 3516 coniminum
330 3457 392 3506 Vct·
402 3459 505 3506 Berlin.
517 3459 626 3520 Cuspio.
638 3456 752 3519 Gnelplr.
766 3458 827 3506 edd.
840 3458 921 3506 Grut.
941 3465 969 3506 et
989 3462 1102 3506 rerentt.
1119 3457 1170 3504 illio
1179 3472 1233 3506 corr·

123 3520 263 3581 jurationis.
280 3520 398 3569 Rhenan.
410 3522 445 3571 H.
458 3523 550 3585 Steplr.
560 3531 588 3570 et
600 3521 686 3572 Riviu.
698 3523 781 3570 irrerit
789 3538 799 3578 ;
817 3523 878 3570 Ver.
892 3523 1003 3570 Prrtean.
1014 3520 1079 3570 Erre.
1088 3521 1234 3571 Schonlrov.

129 3594 157 3634 et
167 3584 228 3632 edd.
240 3594 299 3647 post
316 3586 399 3633 Livin.
410 3587 566 3635 irruerit—3
577 3586 678 3635 Bertin.
695 3588 767 3636 etium
779 3588 880 3636 toa-r
892 3587 932 3635 Itu
950 3588 994 3634 illu
1011 3585 1112 3634 burbono
1130 3587 1233 3636 Berlin.

131 3650 187 3711 llio,
199 3650 306 3712 inquom,
316 3650 415 3699 borbum
424 3654 492 3715 conj.
506 3652 589 3701 Livio.
608 3653 659 3708 vel,
670 3657 793 3707 texerunt,
805 3656 829 3700 et
838 3652 880 3699 illu
891 3651 1001 3700 borbono.
1020 3651 1136 3699 Rhenau
1151 3652 1234 3700 Lirin.

129 3723 158 3765 et
168 3716 259 3780 Stepb.
269 3719 324 3765 tunc
334 3717 478 3774 o.oulnere,·
495 3718 556 3767 Ver.
568 3718 681 3766 Potenn.
692 3717 793 3768 Bertin.
802 3717 909 3780 Cuspio.
918 3717 1003 3765 Moerl.
1014 3715 1126 3781 Guelpb.
1138 3723 1167 3765 et
1175 3718 1235 3767 edd.

624 3862 732 3913 NOTAE

160 3957 309 4023 ⁰Sr'gniser]
332 3957 451 4009 Allectus
474 3961 657 4010 Constantium
700 3958 910 4010 citusAlleetum
923 3957 1065 4009 interfecit.

127 4032 239 4097 fugiens,
251 4036 277 4084 in
291 4037 506 4100 Asclepiodorum
519 4038 576 4100 ejm
593 4053 658 4100 pra·
731 4043 745 4078 Ρ
764 4038 797 4086 Te
806 4042 862 4100 post
872 4042 942 4098 tergo
951 4033 1091 4098 respiciens]
1104 4034 1184 4085 Hunc
1193 4036 1234 4085 lo·

128 4108 476 4174 toriopraefectumincidit,
492 4113 659 4177 quieoprae·
700 4127 759 4160 conr
787 4127 864 4175 praue
891 4112 1030 4174 exscripsit
1062 4112 1180 4160 Pacatus
1207 4112 1235 4161 in

127 4184 220 4234 urisrns
233 4199 250 4233 a
259 4187 414 4239 Constantio
426 4203 484 4239 curn
496 4196 570 4254 purte
583 4202 659 4238 exer·
703 4189 802 4238 Tbeod.
820 4180 878 4253 cap.
891 4201 1016 4238 xxxvrrr.
1034 4187 1112 4237 ‘Ibat
1129 4187 1235 4238 interim
