2730 4726
129 296 216 364 lma
420 304 426 319 ·
451 311 609 361 suonam
635 312 909 364 rnunararous
947 324 951 331 ·
990 309 994 314 ’

127 457 213 522 hanc
228 454 307 540 ejus
320 453 531 521 formidinem
545 458 779 540 protegebant.
802 456 881 522 Non
896 456 985 522 enim
999 476 1038 523 se
1054 457 1231 540 imbellem,

130 558 191 624 scd
216 560 363 635 beatum,
384 578 450 623 non
469 559 617 635 inertem,
636 558 698 624 sed
718 579 874 625 securum
889 560 1170 627 videri'volebat.
1205 562 1234 628 6.

130 659 279 738 Quoties
297 661 422 726 milites
436 661 472 725 in
486 661 682 726 concionem
697 663 858 739 vocabat,
878 681 917 726 se
940 662 1051 727 solnm
1071 683 1150 728 cum
1168 663 1232 729 illis

128 756 376 847 imperatorem,
391 763 478 828 alios
505 783 564 848 per
588 763 715 829 limites
742 784 803 848 pro
830 783 868 828 se
890 763 1034 831 militare
1056 764 1234 848 jactabat‘

129 864 305 944 Fruimini,
325 866 449 943 aiebat,
468 865 643 951 dissipate,
667 865 846 950 prodigite.
890 866 980 932 Haec
1002 875 1077 932 erat
1096 867 1232 933 misero·
1254 857 1257 861 ’

126 987 202 1033 rum
216 969 328 1034 brevis
344 974 379 1033 et
393 966 525 1034 caduca
539 968 699 1035 felicitas.
1037 970 1040 976 ⁴

171 1069 260 1135 Gne.
284 1085 352 1135 XV.
386 1071 419 1137 1.
441 1070 495 1136 Ac
518 1090 561 1135 ne
584 1077 654 1136 tum
676 1069 824 1154 quidem,
839 1088 917 1136 cum
936 1075 989 1135 tot
1011 1068 1161 1136 adversa
1182 1090 1232 1137 su·

127 1191 222 1237 orum
236 1173 354 1258 praelia
368 1173 600 1257 comperisset,
617 1173 752 1239 obviam
768 1173 817 1238 ire
832 1177 976 1238 conatus
994 1177 1048 1236 est
1069 1172 1115 1237 ad
1135 1174 1251 1240 resia-r

128 1272 276 1351 tendum,
301 1279 341 1339 ut
368 1273 458 1339 Padi
483 1274 616 1352 limite,p
642 1280 704 1340 ant
726 1274 898 1359 Apennini
921 1273 1016 1358 jugis
1043 1274 1235 1341 utereturzi

127 1375 189 1441 sed
200 1377 328 1456 literas,
343 1377 571 1443 calamitatum
586 1384 723 1443 suarum
738 1378 881 1455 indices,
894 1378 1141 1462 supprimebat.
1179 1377 1234 1442 In·
1250 1443 1256 1452 ,,

126 1479 257 1544 tardum
270 1479 373 1543 etiam
387 1480 513 1563 palam,
528 1485 564 1544 ut
579 1499 686 1564 usqne
700 1478 871 1564 adportas
882 1481 1059 1555 veniretur,
1073 1480 1235 1562 optabat:

127 1598 194 1646 nnn
207 1579 414 1662 intelligens,
429 1581 640 1665 majestatem
654 1582 748 1647 illam
763 1583 868 1662 urbis,
880 1601 958 1666 quas
972 1581 1105 1663 pridem
1119 1580 1235 1646 admo·

127 1689 183 1747 tos
204 1680 396 1747 exercitusq
419 1684 657 1762 solicitaverat,
677 1683 752 1766 jam
774 1684 910 1766 flagitiis
931 1683 1044 1767 ipsius
1067 1680 1234 1748 deforma·

127 1789 210 1862 tam,
226 1790 260 1850 et
278 1783 415 1850 sedibus
434 1787 506 1850 suis
520 1786 667 1870 pulsam,
683 1785 726 1851 ad
742 1793 803 1850 tna
818 1785 949 1851 auxilia
964 1784 1148 1850 transisse:
1175 1803 1234 1850 nec

127 1886 209 1953 ullis
228 1887 378 1971 praemiis
397 1907 501 1972 posse
521 1889 701 1971 corrumpi,
717 1907 805 1972 quos
823 1888 896 1965 tibi,
912 1891 1034 1971 praeter
1050 1884 1234 1951 liberalita-

88 2064 92 2071 ,
127 1993 195 2054 tem
217 1993 319 2066 tuam,
335 1994 369 2054 et
392 1990 594 2054 sacramenti
616 1988 728 2069 tidem,
744 1996 795 2055 tot
813 1989 1029 2056 victoriarum
1050 1987 1167 2070 gloriae
1186 1984 1234 2081 di·

128 2090 322 2157 cavissenm
364 2090 398 2154 2.
422 2089 510 2170 Quis
523 2090 611 2156 enim
626 2091 736 2170 miles,
751 2092 809 2175 qui
829 2090 932 2157 ductu
946 2097 1049 2174 atque
1064 2088 1233 2174 auspiciis

160 2272 174 2307 ἢ
190 2273 223 2323 Se
232 2289 304 2323 auum
318 2274 411 2336 pariter
421 2280 445 2325 et
455 2274 511 2325 illos
520 2275 673 2339 imperatores
682 2289 743 2332 esse,
750 2274 811 2324 atim
820 2273 945 2339 infinibus
953 2289 998 2339 pro
1007 2289 1032 2324 se
1043 2237 1195 2332 amastrae.

161 2337 171 2370 ¹
189 2339 222 2387 Ut
235 2340 298 2388 Padi
310 2340 410 2388 liberum
420 2342 559 2400 transitum,
570 2347 595 2391 et
604 2341 784 2404 Aperantiaecum
793 2340 909 2389 moratium
919 2340 1025 2388 baberet.

156 2401 168 2442 2'
187 2403 252 2458 Quos
275 2418 323 2452 nau
340 2409 433 2453 tantam
450 2404 584 2454 liberalitas
603 2411 646 2455 tua
663 2410 687 2454 et
703 2404 850 2455 sacramenti
865 2405 951 2466 religio
968 2404 1015 2454 tibi
1035 2401 1176 2460 addixerat,
1195 2402 1235 2452 sed

45 2526 50 2535 .
127 2468 200 2517 etiam
208 2467 289 2530 gloria
300 2482 331 2518 ea
343 2474 379 2519 tot
389 2469 498 2519 victumis
508 2476 583 2521 tecum
593 2471 686 2520 relatis.

526 2625 528 2630 Δ
586 2594 766 2618 ΜΟΙΜΝΜ

128 2693 196 2758 qrrie
207 2695 276 2760 conj.
286 2693 397 2745 Livineii
409 2693 492 2744 edidit
502 2696 592 2746 urbem.
625 2696 633 2725 ⁶
645 2695 711 2745 Voc.
721 2695 782 2743 base
794 2692 870 2743 deest
881 2692 907 2742 in
915 2692 1003 2742 Mmrl.
1011 2690 1091 2752 bene,
1100 2690 1127 2739 ni
1138 2687 1235 2741 fallor)

127 2760 271 2822 degsa—6
284 2762 343 2809 Vet.
355 2761 467 2810 Putean.
478 2777 531 2810 eum
547 2763 596 2810 iltis
606 2761 757 2823 imperatore.
791 2759 865 2815 Mox,
883 2759 945 2807 atius
955 2772 998 2822 per
1010 2755 1101 2806 mittes
1111 2754 1232 2807 Rhenaa.

127 2823 165 2872 ll.
177 2825 268 2886 Steph.
280 2825 365 2874 Rivin.
375 2827 408 2875 al.
422 2833 485 2874 vett.
509 2825 651 2887 permititur
663 2825 735 2874 delet
748 2821 852 2872 Acidal.
884 2825 891 2852 ‘
905 2816 958 2872 Sed
970 2836 1022 2871 nou
1033 2821 1099 2870 adeo
1111 2820 1230 2870 immadi·

128 2888 212 2937 cabiie
223 2890 272 2939 hoc
286 2892 385 2952 uulnus,
397 2898 427 2939 ut
438 2889 605 2939 recidendum
624 2889 677 2939 sit!
695 2891 788 2949 Joeger.
809 2903 853 2952 per
864 2887 952 2937 limites
964 2887 995 2935 Ρ.
1007 2885 1099 2950 steph.
1116 2885 1196 2936 Grut-
1206 2892 1233 2936 et

125 2958 239 3002 recentt.
270 2955 333 3003 Vid.
344 2956 479 3003 Schwarz.
491 2953 524 3002 ad
536 2956 637 3018 Paneg.
646 2967 678 3002 rr.
691 2957 716 3002 8.
726 2957 752 3002 9.

160 3018 228 3066 Cae.
241 3029 290 3066 xv.
315 3023 327 3066 1
339 3018 406 3067 Edd.
418 3028 482 3068 vett.
494 3020 525 3068 ad
535 3021 713 3074 insistendum
736 3017 796 3066 Vet.
807 3015 891 3066 Lirin.
902 3014 1008 3078 Caspia.
1021 3012 1139 3062 Rhenan.
1152 3015 1184 3063 ad
1196 3028 1232 3063 re·

126 3083 266 3131 sistendum.
299 3082 368 3132 Edd.
381 3089 445 3132 vett.
464 3091 491 3131 et
504 3083 537 3131 ai.
550 3092 611 3132 ante
624 3083 715 3132 Arnta.
726 3095 779 3130 eum
792 3082 856 3130 Padi
864 3096 875 3138 ,·
902 3078 1232 3128 Vct-PuteumetMoerl.

126 3151 154 3195 ut
165 3147 230 3195 Padi
236 3162 246 3203 ;
265 3143 366 3195 Acidal.
377 3148 447 3209 conj.
455 3147 523 3209 quasi
533 3148 607 3196 Padi.
625 3148 708 3196 Panlo
718 3153 787 3208 post,
795 3160 842 3208 qua
852 3144 944 3208 pridem
951 3143 1029 3193 Grut.
1040 3142 1125 3191 Banu.
1135 3143 1231 3192 Cellas.

127 3211 296 3273 quampridem
308 3212 391 3260 Lirin.
399 3210 562 3274 improbante
571 3213 587 3263 J
591 3225 668 3273 ager.
684 3211 725 3274 qui
735 3210 828 3270 pridem
838 3207 999 3258 Rhenan.H.
1007 3207 1100 3270 Steplr.
1113 3207 1199 3257 Rivinss
1209 3211 1233 3255 l.

126 3276 281 3338 quapridem
292 3277 356 3327 Exo.
371 3276 517 3326 Schonbov.
527 3278 588 3325 Ver.
600 3277 715 3325 Putean.
726 3275 788 3324 Vet.
799 3274 885 3324 Lirin.
893 3273 958 3321 Eae.
970 3272 1053 3334 Lang.
1064 3273 1153 3321 Moeri.
1166 3272 1232 3320 Ber·

127 3340 175 3388 tin.
187 3340 295 3402 cuspin.
307 3342 413 3391 Puteal.
425 3342 457 3391 P.
468 3341 560 3404 Steph.
579 3340 697 3389 Patarol.
708 3339 804 3401 Jaeger.
834 3340 942 3388 admotus
952 3336 1013 3385 edd.
1025 3343 1090 3384 vett.
1126 3338 1232 3385 admotos

126 3403 191 3452 Vet.
205 3403 289 3451 Lirin.
302 3404 367 3453 Eue.
378 3406 524 3455 Schonhov.
534 3407 597 3454 Ero.
608 3406 690 3467 Lang.
704 3403 922 3465 Bertin.Cuspin.
932 3400 1063 3464 P.Stepir.
1078 3406 1108 3449 et
1121 3406 1232 3449 recenti.

120 3467 230 3532 flagitiis
249 3469 404 3520 suisMoerl.
416 3471 580 3534 improbante
591 3468 692 3530 Jaeger.
717 3467 850 3529 defenerata
866 3465 927 3516 edd.
943 3465 1048 3515 Puteal.
1066 3464 1185 3513 Rhenau.
1197 3463 1232 3513 H.

125 3532 219 3595 Steph.
237 3531 329 3580 Rivin.
342 3539 365 3583 1.
390 3535 545 3594 deformatam
556 3535 617 3581 Vei.
637 3534 751 3582 Putean.
763 3533 828 3581 Ero.
849 3527 1185 3582 senounov.1.ivtn.Grm.
1205 3537 1232 3578 et

42 3654 47 3660 .
127 3603 240 3648 recenti.
263 3602 287 3646 et
305 3613 325 3647 s.
342 3598 392 3647 suis
407 3603 542 3664 propulsam
561 3598 647 3647 Moerl.
672 3598 741 3647 ‘nec
758 3596 809 3647 hoc
827 3593 979 3661 probabile?
990 3596 1136 3656 degsa-a
1147 3593 1235 3643 Lirin.

620 3729 731 3787 NQTAE

159 3833 171 3858 ⁰
183 3824 270 3874 Urbem
279 3824 381 3890 [urbem]
389 3827 521 3892 obsederat]
533 3826 612 3877 Forte
625 3827 660 3875 le·
696 3829 773 3890 gusta
784 3823 954 3874 Taurinorum
971 3817 1106 3878 discurrit,
1118 3816 1162 3866 ubi
1173 3817 1232 3867 Pla·

127 3900 340 3961 aendnmuriem.
401 3900 403 3905 ’
435 3923 439 3927 ·
697 3900 820 3966 aetitiam⁴
839 3897 1037 3965 Ferrarianrquc
1073 3892 1159 3942 alluit.
1200 3892 1233 3941 1n

78 4021 80 4025 ,
157 3976 351 4040 epactetum]
370 3976 457 4027 Padus
469 3975 563 4027 fluvius
575 3978 660 4028 ltaliae
697 3973 773 4027 Mare
786 3972 951 4023 Adriaticum
962 3967 1051 4019 multis
1066 3967 1141 4017 ostiis
1151 3965 1233 4019 effun-

125 4051 263 4114 maximus,
275 4067 307 4101 ex
319 4053 419 4101 Venulo
435 4061 522 4102 moute
536 4054 560 4101 in
572 4053 660 4103 Gallia
696 4052 777 4112 ditur,
788 4052 809 4100 te
821 4051 884 4098 Pau.
963 4088 965 4092 Α

127 4123 266 4191 subalpina
283 4127 379 4192 oriens,
395 4141 446 4178 non
464 4129 538 4194 louge
555 4127 588 4178 ab
605 4127 660 4177 Au·
728 4136 740 4170 t
757 4126 874 4179 Admotus
883 4121 1016 4188 exereitus]
1033 4120 1151 4173 Primum
1163 4136 1178 4171 a
1189 4121 1235 4171 Ss-
