2730 4726
130 308 217 375 1346
258 284 261 291 ’
449 323 615 374 suasuri
640 322 911 375 senseramus

132 475 169 534 ut
177 469 249 553 jam
264 487 396 534 summo
407 467 525 550 gradem
541 476 576 532 et
592 487 694 551 snpra
708 467 928 533 humanarum
942 487 1048 534 rerum
1063 468 1137 534 iata
1148 489 1227 536 cun·

132 573 282 650 sisteres,
305 582 383 655 post
405 571 491 635 dnos
509 571 648 636 familie
665 578 730 636 tuae
755 570 931 654 Principes
946 573 1060 636 tertius
1075 571 1229 656 Impera·

129 680 189 739 tor.
224 676 255 738 5.
277 673 365 738 luter
376 693 503 751 omnes,
519 674 667 757 inquam,
678 673 861 758 participes
873 672 1061 757 majestatis
1077 682 1148 739 tues
1163 674 1227 738 hoc
1261 655 1269 671 ⁶

129 777 243 852 habes,
259 775 487 854 Constantine,
498 777 716 860 praecipuum,
732 776 821 860 quod
837 775 1025 860 Imperator
1037 771 1099 854 es,¹
1120 783 1227 841 tanta·

131 899 196 964 qne
210 886 263 944 est
277 880 438 943 nobilitas
450 880 589 962 originis
601 888 678 956 tuae,
695 886 733 942 ut
744 878 825 941 nibil
840 878 902 942 tibi
918 878 1083 944 addiderit
1092 880 1226 945 honoris

128 983 315 1066 imperium,
330 1002 395 1046 nec
410 983 520 1066 possit
540 983 672 1046 fortuna
687 980 814 1045 numini
828 988 886 1046 tuo
896 988 916 1015 ¹⁰
943 982 1118 1066 imputare,
1137 985 1226 1068 qnod

130 1092 222 1151 tuum
238 1097 300 1163 est,
316 1086 443 1150 omisso
459 1085 585 1150 ambitu
600 1092 636 1148 et
650 1083 900 1165 suffragatione.

173 1187 263 1253 Gne.
279 1204 337 1252 ιιι.
373 1187 405 1250 l.
430 1189 511 1252 Non
532 1186 668 1252 fortuita
688 1187 858 1285 hominnm
881 1189 1069 1265 consensio,
1082 1207 1150 1252 nou
1175 1209 1225 1253 re·

129 1293 289 1376 pentinus
303 1292 425 1374 aliquis
441 1289 569 1355 favoris
584 1297 749 1356 eventns¹¹
764 1297 796 1355 te
812 1289 1005 1374 Principem
1017 1290 1111 1355 fecit.
1159 1292 1224 1357 Im-

130 1396 259 1479 perium
272 1393 443 1458 nascendo
458 1393 618 1458 meruisti.
661 1393 693 1458 2.
716 1392 818 1472 Quod
830 1393 966 1476 quidem
981 1392 1063 1457 mibi
1075 1392 1225 1459 Deorum

127 1496 363 1560 immortalium
386 1515 506 1559 munus
529 1503 564 1559 et
585 1495 725 1579 primum
746 1496 889 1573 videtur,
917 1502 951 1560 et
970 1496 1166 1575 maximnm,
1190 1498 1225 1561 in

128 1600 239 1665 lucem
262 1601 378 1663 statim
401 1599 512 1663 venire
536 1600 681 1678 felicem,
702 1607 737 1664 et
755 1620 807 1675 ea,
827 1620 905 1684 quae
917 1599 1164 1666 aliirixtotins
1179 1604 1224 1667 vi·

131 1711 177 1768 tae
203 1703 378 1768 laboribus
408 1709 666 1785 consequuntur,
691 1704 763 1786 Jam
793 1703 885 1767 domi
913 1710 1011 1787 parta
1039 1706 1225 1790 suscipere.

128 1805 162 1871 3.
187 1803 353 1884 Quamvis
377 1805 462 1868 euim
474 1811 488 1838 ⁰
508 1824 636 1888 magna.
647 1805 693 1869 sit
705 1812 748 1870 ct
762 1805 957 1870 admiranda
970 1805 1129 1886 felicitas,
1146 1827 1224 1892 quae

587 1986 774 2008 ''MONOOOO

130 2105 266 2160 Quinimmo
276 2104 352 2165 ipsum
365 2109 457 2166 putrem
467 2109 541 2164 taam,
551 2103 618 2166 quod
631 2105 728 2167 primus
740 2103 840 2166 recepit
852 2103 944 2152 Arntz.
960 2104 1099 2153 masisteres
1109 2103 1185 2153 deest
1200 2105 1225 2154 iu

129 2171 242 2233 (lnelpb.
268 2169 396 2231 Principes
407 2169 481 2217 deest
492 2169 517 2217 in
531 2169 616 2218 llivio.
628 2177 655 2218 et
667 2169 726 2218 edd.
738 2177 799 2218 ante
814 2169 892 2218 Grut.
908 2169 933 2216 id
947 2177 1033 2218 tamen
1046 2176 1154 2219 tuentur
1166 2170 1229 2219 Ver.

131 2236 214 2284 Lirin.
225 2233 332 2296 Cuspio.
344 2235 444 2282 Berlin.
454 2233 566 2296 Guelplr.
578 2235 643 2282 Erre.
652 2235 729 2283 Voss.
741 2244 768 2283 et
781 2236 845 2283 Exc.
858 2234 1000 2284 Schonbov.
1017 2235 1104 2285 tertius
1114 2236 1190 2285 deest
1202 2239 1226 2284 in

128 2300 191 2349 Vet.
203 2301 362 2349 Puteum-5
381 2299 513 2361 ‘Guelpb
530 2307 557 2347 et
576 2299 641 2347 Esc.
659 2300 733 2348 Voss.
747 2299 866 2362 principes
877 2299 1023 2360 mejestatis.-
1040 2299 1125 2348 male!
1141 2301 1228 2350 Arare.

128 2367 190 2427 quod
201 2359 414 2427 imperoterlrutus
425 2379 449 2412 es
466 2363 533 2426 conj.
555 2365 637 2412 Lirin.
654 2373 679 2413 et
691 2364 792 2414 Acidal.
807 2379 882 2428 quarn
900 2365 1074 2428 conjecturum
1087 2365 1113 2413 in
1127 2372 1227 2415 textum

128 2430 233 2478 admisit
244 2429 362 2492 Pstlarol.
373 2431 444 2478 uncis
456 2439 541 2478 autem
552 2429 675 2478 inclusam
686 2430 780 2479 Cellar.
793 2436 817 2477 et
827 2430 923 2492 Jreger.
940 2433 1000 2494 quod
1011 2430 1034 2477 1.
1045 2435 1114 2479 ortas
1124 2447 1149 2480 es
1161 2434 1229 2493 conj.

128 2493 221 2544 Aratu.
248 2494 369 2542 Ceterum
380 2494 440 2542 inde
452 2495 484 2543 nb
495 2496 537 2543 lroe
546 2494 616 2543 bobes
626 2511 705 2559 usque
717 2497 748 2545 ad
760 2495 867 2556 stridit,
878 2496 962 2544 omnia
970 2496 1064 2544 desunt
1076 2496 1101 2543 in
1112 2495 1226 2559 Guelph.

128 2568 156 2609 et
167 2561 231 2609 Erre.
242 2559 317 2609 Voss.
330 2561 427 2620 generis
437 2560 473 2608 tui
486 2561 542 2609 cod.
555 2561 641 2609 Moerl.
653 2562 744 2610 numini
755 2576 797 2609 sno
808 2561 874 2609 cou'.
886 2561 970 2609 Lirin.
995 2560 1003 2587 ‘
1016 2561 1086 2624 Lege
1098 2561 1227 2625 imputare,

128 2627 188 2688 quod
198 2629 265 2674 tuum
275 2631 310 2674 est
322 2625 428 2674 omissis!
446 2625 548 2674 Acidsl.
580 2628 588 2653 ⁴
602 2626 712 2677 Videtur
724 2627 833 2689 uoluisse
845 2577 988 2686 Acidalius,
1006 2640 1105 2674 comma
1118 2631 1225 2689 postest

34 2691 41 2713 ⁸
128 2689 287 2740 delendum!
305 2689 392 2739 Arata.
429 2690 522 2739 omissis
538 2690 628 2739 ambita
648 2691 707 2740 Vet.
728 2692 838 2741 Putean.
862 2692 961 2740 Berlin.
981 2692 1046 2739 Exc.
1066 2691 1145 2754 Lang.
1163 2693 1227 2748 Erre.

127 2756 273 2805 Schonbnr.
285 2755 362 2872 Siron
374 2762 401 2804 et
413 2765 525 2805 receutt·
539 2757 634 2805 umbris
644 2757 733 2806 ambita
743 2758 849 2820 cuspin.
864 2756 950 2806 ombso
960 2756 1050 2805 ambita
1059 2756 1131 2806 Gud.
1141 2756 1226 2806 Moerl.

128 2823 279 2872 Exelloss.
309 2837 327 2868 e
349 2836 386 2870 er.

162 2889 229 2938 Car.
241 2901 284 2937 ιιι.
320 2836 464 2949 lgGuelph.
482 2886 601 2935 homirnum
616 2885 727 2946 confesio.
761 2886 834 2944 Mox,
849 2886 944 2947 fareris
962 2891 1047 2935 vestus
1066 2885 1135 2949 conj.
1157 2887 1227 2935 Bon·

128 2965 195 3012 gers.
215 2968 289 3016 quam
308 2953 484 3014 conjecturam
505 2953 606 3014 recepit
627 2953 696 3000 solus
714 2952 858 3001 cellen-a
876 2951 1013 3001 Eddaute
1026 2950 1226 3010 Arna-felicem

128 3018 224 3074 accirer
241 3018 353 3078 Gnelpb.
366 3018 429 3065 Eae.
441 3018 514 3064 Voss.
523 3018 584 3066 Vet-
596 3017 678 3066 Lirin.
691 3017 792 3068 Bestia.
807 3017 886 3066 uenire
890 3018 987 3076 felicem
994 3032 1005 3075 ,·
1020 3031 1096 3079 quem
1108 3017 1225 3065 ordinem

128 3082 243 3130 restituit
255 3082 347 3130 Arnts.
364 3083 421 3130 viloe
431 3083 534 3130 lobribus
546 3083 804 3131 Exc.Sch01ilruv.et
816 3084 857 3132 ed.
869 3083 983 3131 Rbensn.
995 3096 1017 3129 o.
1032 3081 1151 3130 laboribus
1166 3081 1227 3130 Vst.

128 3145 289 3197 Puteum—3
301 3147 411 3202 estium
420 3161 506 3209 mugsu
514 3147 599 3196 Rivin.
609 3149 704 3198 etedd.
714 3154 778 3197 vett.
797 3148 899 3203 Q.esirrr
909 3147 1226 3210 sugarVet.lein.Vet.

612 3296 719 3347 NOTAE

129 3401 157 3436 re
170 3388 212 3452 jos
228 3389 331 3452 imperii
344 3391 376 3439 sd
389 3405 446 3440 enm
463 3391 585 3441 bonorem
600 3406 659 3454 pro·
696 3392 767 3441 ritas.

129 3467 246 3526 vexit,ut
259 3473 319 3529 post
329 3467 393 3516 diros
404 3467 507 3518 familiae
520 3476 659 3523 tumem-
727 3477 745 3502 ¹¹
763 3469 865 3518 Numici
875 3469 927 3532 irre]
945 3466 976 3516 ld
992 3475 1043 3525 est,
1055 3467 1178 3520 beneficii
1190 3472 1225 3519 in·

128 3557 162 3608 pe
176 3544 310 3593 Claudium
322 3550 350 3593 et
365 3546 556 3606 Constantium,
567 3548 659 3597 tertius
695 3554 748 3596 star
760 3547 807 3596 tibi
821 3547 900 3595 dare:
913 3544 1023 3594 fortasse
1034 3545 1174 3607 legendum
1187 3546 1225 3596 iir-

128 3621 270 3684 imperutor
280 3619 365 3669 fieres.
694 3625 743 3675 erit
756 3622 944 3679 summissam
957 3630 1008 3685 est,
1020 3630 1048 3670 nt
1061 3619 1163 3672 lortuns
1176 3625 1225 3672 sibi

164 3697 169 3732 Ι
186 3699 255 3754 Quod
275 3698 408 3760 Imperator
425 3697 462 3762 es]
481 3699 511 3748 ld
524 3707 573 3760 est,
591 3701 658 3764 quod
696 3703 823 3752 ascribere
836 3717 885 3751 nou
897 3701 987 3764 possit,
1000 3698 1068 3763 quod
1085 3707 1156 3749 tuom
1171 3700 1225 3764 jani

128 3789 157 3824 re
170 3775 225 3838 ipss
236 3775 385 3836 imperator,
402 3784 429 3826 et
448 3778 515 3840 qrrod
532 3776 625 3826 habeus
644 3793 660 3827 a
695 3789 762 3842 erat,
780 3780 846 3844 qrrod
869 3781 920 3828 ruis
940 3776 1068 3826 natalibus
1081 3777 1225 3827 debebatur

128 3861 223 3903 ustura
242 3859 272 3902 ut
290 3853 432 3916 imperaror
450 3856 493 3903 sis.
527 3855 660 3903 Lubenter
693 3856 760 3903 citra
772 3855 893 3904 sirbitum
906 3860 932 3901 et
945 3853 1033 3916 pupuli
1045 3849 1178 3917 suffragiu.

129 3934 245 3982 voculam
262 3931 394 3993 adderem,
417 3948 491 3997 qurum
509 3933 600 3981 deesse
617 3944 658 3980 su·
726 3939 738 3964 ¹¹
757 3933 857 3981 Furoris
874 3928 982 3990 euentus]
1003 3929 1153 3988 Anjnsoris
1169 3945 1224 3978 ses·

128 4009 223 4072 spicati
239 4017 299 4057 snut
315 4008 446 4058 Livineius
464 4017 491 4058 et
508 4008 656 4058 Acidalius:
693 4005 750 4058 tris?
768 4014 794 4056 nt
809 4006 950 4068 Bongsrsio
962 4004 1067 4067 placet:
1086 4013 1160 4055 certe
1170 4008 1224 4071 qiri-

129 4089 190 4147 qnod
206 4085 335 4146 imperator
352 4091 423 4134 nutus
436 4100 469 4133 es.
502 4085 569 4133 Nam
582 4087 658 4148 paulo
693 4085 751 4133 dem
771 4084 838 4146 apud
854 4083 965 4132 Tullium
978 4080 1084 4142 legitur,
1100 4082 1223 4134 ‘ventum

130 4168 199 4224 post,
220 4160 375 4223 ‘Imperium
398 4161 528 4212 nascendo
553 4162 659 4210 meruis-
694 4160 862 4228 popularem,’
879 4155 1167 4208 ‘ventoscoueionum’

130 4237 170 4288 ti.'
202 4235 254 4286 Sed
265 4236 340 4288 deest
352 4239 448 4289 veteris
460 4236 555 4289 sudleie
570 4247 657 4287 aucto·
726 4245 737 4270 ⁰
756 4237 870 4293 Quamuis
890 4234 962 4299 erim]
979 4233 1086 4284 Dictum
1109 4234 1174 4285 illud
1197 4237 1223 4285 iu
