2730 4726
414 423 416 428 λ
453 353 619 403 rnnrrno
644 353 734 403 nuc.
772 352 829 403 xr.
851 337 907 403 32.
1142 336 1230 406 1539

127 498 163 558 et
177 491 301 557 humile
316 489 478 572 cogitare,
494 490 552 574 qni
574 489 639 554 seit
659 490 702 554 de
725 510 762 555 se
785 509 918 577 semper
939 490 1153 575 loquendum.
1197 495 1231 560 3.

128 595 246 672 Nune,
269 593 300 657 si
326 594 397 670 tibi,
420 592 618 676 Imperator,
640 611 759 676 parum
780 593 905 676 ampla,
925 611 988 656 nec
1010 596 1232 678 respondente

127 697 258 763 meritis
282 697 351 761 tuis
371 695 524 760 oratione
545 714 628 759 usus
645 695 795 771 videbor,
809 714 929 778 quaeso
951 696 1163 782 obtestorque
1185 706 1231 778 te,

124 821 173 865 ue
189 819 273 864 mean
287 798 323 864 id
338 805 464 863 natura)
483 797 612 881 potins,
625 817 729 880 quam
750 797 973 879 magnitudini
994 798 1231 867 beneficiorum

128 913 278 980 tuorum,
300 908 400 986 putes
426 921 503 966 esse
524 901 746 966 tribuendum.
789 904 822 966 4.
847 901 957 965 Nemo
979 921 1134 985 usquam,
1149 912 1233 987 post

128 1007 284 1071 homines
298 1014 406 1082 natos,
420 1005 583 1089 ampliora
602 1004 741 1087 praemia
763 1023 785 1068 a
806 1004 941 1086 regibus
965 1012 1067 1088 atque
1087 1005 1232 1089 impera·

128 1110 261 1175 toribns
285 1116 485 1173 consecutus
511 1115 580 1187 est3
603 1107 683 1173 nulli
709 1108 788 1190 plus
811 1107 923 1170 orrens
943 1107 1155 1190 impositum.
1197 1111 1232 1175 5.

130 1212 213 1277 Non
230 1213 385 1286 abnuam,
400 1209 620 1294 praefecturaa
643 1215 676 1274 et
697 1208 894 1273 consulatus
915 1209 1029 1274 multis
1049 1229 1127 1274 esse
1140 1212 1232 1277 dela·

128 1321 205 1395 tos3
229 1313 291 1379 sad
312 1315 376 1393 bis,
391 1321 471 1397 post
492 1314 674 1378 immensos
695 1311 843 1388 labores,
858 1310 962 1375 bonos
977 1313 1077 1396 quasi
1096 1313 1232 1381 debitus

129 1419 309 1482 restitutus
320 1425 393 1496 0⁸¹3
416 1416 508 1494 mibi,
528 1435 606 1480 curn
623 1413 697 1498 jam
719 1413 879 1478 honorem
894 1413 1037 1497 adeptus
1053 1415 1130 1493 sim,
1145 1436 1236 1482 nunc

84 1517 87 1530 “
128 1519 278 1596 demum,
297 1525 336 1584 ut
357 1519 546 1596 meruerim,
569 1516 786 1584 laborandum
809 1521 871 1582 est.
914 1517 949 1581 6.
971 1515 1082 1582 Versa
1102 1519 1233 1584 ratione

130 1626 330 1704 temporum,
344 1626 535 1705 permutata
555 1640 729 1685 munerum
744 1621 829 1697 vice,
845 1618 945 1683 modo
964 1620 1156 1685 enitendum
1168 1627 1233 1700 ost,

128 1731 168 1787 ut
192 1723 331 1806 praemio
350 1723 470 1804 dignus
490 1722 677 1798 existimer,
693 1742 769 1787 curu
786 1721 858 1805 jam
881 1721 1054 1805 praemium
1074 1725 1231 1806 ceperim.

129 1827 163 1890 7.
189 1825 315 1890 Omihi
330 1825 462 1889 festinae
484 1824 723 1889 benevolentiae
740 1832 809 1888 tuae
831 1823 1065 1906 gravissimum
1079 1826 1232 1908 pondus!

129 1927 271 2006 Vereor,
285 1937 322 1993 nt
337 1935 453 2011 aperte
469 1927 655 2012 exprimere
672 1924 903 1991 difficultatum
918 1945 1069 1991 mearum
1085 1928 1232 1993 ordinem
1331 1931 1333 1933 ’

129 2032 275 2096 valeam.
317 2030 352 2097 8.
374 2030 528 2095 Facilius
552 2038 613 2109 eet,
631 2030 831 2113 Imperator,
848 2029 947 2095 bonis
964 2031 1093 2094 artibus
1116 2031 1232 2096 mereri

128 2134 302 2201 consulem
316 2133 401 2210 fieri,
413 2153 512 2218 qnam
527 2134 690 2198 industria
705 2138 740 2198 et
752 2133 867 2198 labore
883 2133 1053 2217 perficere,
1065 2141 1103 2199 ut
1117 2132 1233 2200 videa-

127 2237 179 2303 ris
194 2237 362 2314 meruisse,
377 2257 452 2301 cnm
465 2236 577 2301 factus
591 2237 649 2300 sir.

175 2337 265 2404 Car.
283 2354 417 2402 xxxii.
438 2339 470 2402 1.
485 2337 598 2414 Absit,
608 2334 772 2422 Anguste,
784 2336 918 2415 etistud
930 2344 1048 2402 sancta
1062 2338 1233 2404 Divinitas

129 2461 234 2508 omen
249 2447 387 2514 auertat,
401 2448 439 2506 ut
452 2448 490 2505 tu
505 2461 526 2504 a
541 2461 711 2526 quoquam
729 2443 922 2507 mortalium
944 2449 1107 2525 expectes
1123 2444 1231 2508 vicem

127 2544 301 2610 beneficii!
324 2544 594 2621 Verumtamen,
617 2544 708 2629 quod
734 2545 840 2608 solnm
864 2543 917 2609 vel
940 2544 1095 2626 accipere
1118 2553 1233 2628 potest

128 2647 200 2712 iata
212 2645 356 2725 fortuna,
371 2647 424 2712 vel
441 2667 462 2711 a
476 2648 575 2712 nobis
590 2647 716 2731 opibus
731 2647 800 2711 tuis
817 2647 929 2722 tribui,
945 2647 1231 2714 immortalitatem

128 2770 308 2816 munerum
324 2757 452 2815 tuorum
468 2751 578 2815 colam
593 2748 713 2814 officiis
729 2751 952 2833 sempiternis.
996 2752 1030 2815 2.
1053 2749 1160 2815 Omne
1174 2772 1231 2816 ne·

128 2853 270 2938 gotium,
295 2873 391 2916 omne
416 2853 519 2917 otium
543 2871 665 2929 meum,
689 2851 724 2914 in
746 2852 904 2916 ornandis
926 2853 1026 2917 rebus
1053 2854 1120 2917 tuis
1141 2855 1232 2919 cele·

128 2955 337 3038 brandisqne
359 2962 518 3039 ponetur3
551 2975 658 3039 neque
683 2954 800 3029 solnm,
828 2975 849 3019 a
874 2955 1046 3039 juventute
1072 2976 1148 3022 mea
1182 2957 1232 3022 tui

130 3057 224 3141 grati
235 3059 336 3123 animi
350 3058 587 3124 benevolentia
602 3058 839 3137 declarabitur,
854 3058 1028 3124 sedetiam
1043 3080 1064 3125 a
1078 3079 1143 3139 me,
1154 3080 1231 3125 cnm

593 3255 772 3279 ”butenen

129 3403 164 3438 rra
172 3403 241 3447 mee,
258 3401 291 3437 ex
301 3389 404 3440 emend.
416 3388 585 3442 Acidalii.-r
602 3392 681 3440 Nemo
692 3405 792 3455 unquam
803 3387 862 3438 edd.
877 3397 938 3439 anre
949 3388 1040 3440 Arntz.
1067 3393 1152 3451 Nemo,
1164 3410 1232 3446 nemo

129 3469 235 3518 uuquam
246 3454 311 3505 Ere.
322 3455 468 3506 Sobonbcv.
494 3457 580 3515 Nemo,
591 3472 657 3508 nemo
666 3472 763 3520 aequom
775 3456 881 3518 cuspin.
909 3456 1093 3520 Nonnunquam
1104 3461 1166 3510 Vet.
1179 3463 1231 3510 Pn-

130 3528 206 3570 taen.
228 3519 289 3571 Vet·
308 3520 392 3570 Lirin.
412 3522 512 3571 Bertin.
532 3523 601 3573 Gnd.
619 3531 626 3553 ⁴
644 3525 711 3572 nulla
724 3523 779 3586 plue
796 3521 908 3583 Guelpb.
926 3522 981 3570 sine
1000 3523 1096 3574 ranan!
1111 3525 1232 3574 Arata-

129 3590 148 3634 ⁵
172 3584 591 3651 Ver-Lirin.etGuelpb.rediir.
618 3589 692 3650 Mox,
705 3587 820 3649 Guelpb.
834 3589 934 3650 adeptus
944 3603 1005 3636 enm.
1034 3589 1231 3640 VetLirinat

128 3648 300 3709 mnrendrnnr
317 3652 377 3702 edd.
397 3660 458 3702 unte
477 3651 575 3716 dapar.
599 3659 626 3703 rt
642 3653 827 3713 merenr5'Vet.
845 3653 957 3701 Putern.
969 3653 1038 3704 (lud.
1051 3663 1078 3704 et
1090 3655 1175 3704 Moerl.
1202 3661 1230 3705 ut

129 3716 276 3772 merim
295 3724 322 3767 et
340 3719 378 3766 ric
394 3719 463 3782 conj.
481 3719 614 3767 Lirim-7
633 3719 656 3765 0
672 3718 840 3777 milifortivoe
854 3723 902 3766 tuoe
914 3718 1074 3768 beniuolentia
1085 3721 1143 3769 edd.
1165 3730 1230 3770 vert.

122 3778 228 3841 festine
237 3781 315 3830 etiam
326 3782 442 3832 Rberran.
454 3783 544 3846 Steph.
557 3792 583 3834 et
595 3784 680 3832 Rivin.
710 3785 733 3831 0
745 3799 777 3832 m.
785 3782 884 3842 sentiae
895 3783 1007 3844 Gnelpb.
1019 3793 1044 3831 er
1058 3785 1121 3833 Ere.
1133 3786 1230 3835 sebon·

129 3845 192 3893 bor.
210 3851 217 3873 ⁴
229 3843 390 3896 beneuolentiae
401 3855 448 3898 ture
460 3848 574 3911 Gnelpb.
585 3850 652 3911 qnod
664 3846 769 3912 placet!
785 3847 874 3896 Arntz.
906 3849 992 3899 Vereor
1003 3861 1031 3895 ne
1043 3848 1102 3896 vet.
1115 3850 1228 3900 Putean.

129 3918 161 3960 et
173 3908 286 3972 Gnelpb.
312 3912 415 3974 ‘Male;
426 3914 549 3976 cupiebat
562 3915 640 3976 enirn,
655 3915 676 3962 ri
690 3921 789 3978 posset,
798 3913 856 3962 haee
872 3910 1038 3976 exprimere!
1055 3911 1142 3962 Arata.
1175 3916 1229 3965 Pro

130 3979 225 4039 operte,
237 3975 320 4024 Lirin.
334 3978 401 4041 conj.
413 3983 476 4040 apte.

167 4039 337 4091 Cnmxxrr.
355 4046 368 4090 l
388 4041 501 4105 Gnelpb.
519 4048 542 4092 et
560 4043 608 4092 iata
622 4047 764 4093 nancta-2
785 4043 892 4106 crispin.
909 4057 951 4091 nec
966 4043 1048 4089 solnm.
1081 4042 1148 4093 Edd.
1167 4052 1229 4094 unte

129 4103 213 4156 Grut.
228 4105 372 4165 ajuneatute
386 4123 437 4158 mea
449 4110 629 4170 nigentegruti,
639 4113 680 4172 ξε.
713 4110 775 4157 Ver.
791 4109 904 4158 Putean.
921 4107 1041 4154 Vatican-
1053 4122 1069 4154 a
1086 4123 1119 4156 m.
1131 4124 1183 4158 see.
1200 4119 1229 4161 et

130 4168 247 4232 Guclplr.
264 4185 279 4219 u
292 4169 416 4230 juventate
431 4188 483 4223 meu
499 4175 545 4222 tui.
576 4175 645 4223 Vide
658 4175 735 4224 Nutt.
744 4175 820 4223 Varr.
835 4175 877 4222 red
889 4177 914 4223 et
927 4187 980 4221 cnm
990 4188 1026 4221 me
1037 4173 1116 4222 anima
1128 4175 1229 4227 Berlin.

129 4249 188 4286 cunr
197 4249 214 4285 u
223 4249 260 4284 me
270 4235 333 4289 Ver.
344 4239 455 4289 Putean.
472 4253 526 4289 enm
535 4239 607 4290 etium
617 4256 632 4288 u
643 4254 678 4291 me
691 4241 773 4290 aniana
783 4239 898 4303 Guelplr.
932 4239 1005 4300 Mox,
1023 4238 1048 4287 in
1065 4239 1157 4292 endem
1169 4244 1228 4292 cod.
