2730 4726
360 321 419 369 sn.
443 318 600 368 vinnan
626 316 888 368 cousunnrrvr
912 317 1048 368 unam.
1166 303 1252 371 1307

148 486 216 543 ras,
235 466 453 548 Praxagoras
476 463 565 548 apud
587 461 758 541 Photium,
773 461 973 547 Anonymus
987 461 1133 543 valesii,
1149 463 1250 529 Pom·

148 589 231 654 pon.
249 568 379 645 Laetus
394 574 428 631 et
449 566 540 650 apud
564 564 756 630 Tristanuru
780 564 988 631 Constantini
1010 585 1165 632 nummus
1185 574 1250 632 tro·

148 691 264 757 paaum
288 671 406 735 dextra
426 669 582 746 tenentis,
606 673 638 732 et
662 669 797 735 sinistra
818 670 990 753 captivum
1016 670 1247 753 opprimentis:

88 824 90 831 .
149 775 265 840 titulus
282 780 291 808 ‘
309 788 531 838 nvunnronr
547 769 680 836 ancus?
1045 779 1047 783 ⁴

188 976 236 1042 A.
251 977 297 1043 U.
314 976 352 1042 C.
368 991 540 1039 uxnvnr.
563 975 689 1041 Christi
706 990 844 1040 ccxcv.
867 975 1015 1041 Dioclet.
1030 975 1116 1059 Imp.
1134 992 1205 1039 x11.

335 1077 481 1144 Maxim.
498 1077 586 1162 Imp.
603 1095 661 1144 xr.
684 1077 802 1143 Const.
817 1079 920 1143 AEtat.
938 1092 1060 1141 xxnr.

187 1198 357 1263 Confecto
372 1197 561 1279 Sarmatico
576 1198 676 1272 bello,
692 1198 907 1279 subactisque
921 1195 1052 1279 Carpis,
1064 1216 1142 1261 cum
1159 1195 1246 1261 Con·

148 1305 282 1369 stantini
295 1303 385 1367 sama
398 1303 496 1386 longe
510 1301 644 1386 lateque
655 1279 852 1378 emanasset,
864 1299 1098 1371 Diocletianus
1109 1320 1185 1364 enm
1201 1301 1245 1365 ad

147 1427 181 1472 se
196 1408 230 1477 in
246 1407 433 1490 AEgyptum
447 1413 577 1485 avocat,
589 1424 657 1490 quo
672 1404 749 1489 ejus
757 1403 880 1469 virtute
895 1403 939 1468 ad
950 1401 1167 1470 Alexandriae
1184 1405 1246 1467 ob·

147 1510 312 1575 sidionem
328 1513 488 1574 uteretur.

201 1691 245 1757 A.
262 1692 308 1759 U.
324 1693 362 1758 C.
382 1711 464 1758 nur.
496 1692 620 1759 Christi
636 1709 820 1757 ccxcvrn.
851 1693 999 1761 Dioclet.
1014 1691 1102 1776 Imp.
1119 1708 1186 1756 xv.

317 1795 463 1870 Maxim.
480 1797 567 1881 Imp.
586 1813 669 1860 x1v.
697 1796 814 1862 Const.
832 1796 937 1861 AEtat.
955 1812 1069 1862 xxvr.

186 1914 428 1980 Constantinus
443 1936 487 1980 ex
502 1915 640 1980 Oriente
656 1915 690 1979 in
708 1915 845 1983 ltaliam
865 1935 887 1979 a
911 1914 1128 1979 Diocletiano
1150 1911 1241 1995 Aug.

142 2018 324 2082 reducitur.
369 2018 449 2097 Quo
469 2019 573 2087 ferme
595 2038 683 2085 anno
699 2017 847 2093 Arelate,
872 2019 980 2101 inquit
998 2018 1182 2092 Diaconos,
1205 2017 1240 2081 in
1328 2096 1332 2104 ἱ

141 2123 257 2190 Gallia
281 2143 325 2188 ex
352 2122 537 2189 Minervina
552 2123 706 2208 Crispum
730 2125 891 2208 suscepit,
905 2123 965 2206 qui
990 2130 1025 2187 ut
1052 2143 1070 2187 e
1095 2121 1241 2205 pueritia

139 2226 301 2302 excessit,
324 2246 345 2291 a
361 2224 543 2291 Lactantio
561 2226 732 2292 Firmiano
747 2225 887 2292 Amobii
904 2226 1085 2311 discipulo,
1101 2226 1172 2290 viro
1186 2224 1240 2289 sui

139 2329 303 2413 temporis
317 2329 557 2395 facundissimo
573 2338 609 2395 et
624 2331 847 2412 integerrimo,
864 2330 907 2396 ad
923 2329 1147 2396 Christianam
1162 2327 1239 2392 reli·

138 2434 281 2514 gionem,
304 2437 499 2516 ceterasque
514 2436 656 2499 virtutes
677 2433 742 2499 i'uit
764 2434 948 2499 institutus.
994 2431 1097 2510 Quod
1124 2440 1237 2497 autem

138 2535 366 2600 Minervinam
381 2535 469 2599 haud
486 2556 596 2601 veram
612 2535 822 2617 Constantini
837 2535 1010 2620 conjugem
1031 2535 1137 2599 fuisse
1153 2554 1237 2599 non·
1273 2603 1276 2610 ,

136 2637 221 2702 nulli
248 2637 411 2716 dictitant,
430 2637 501 2722 jam
527 2640 561 2703 in
586 2639 776 2705 Constantii
802 2641 873 2704 vita
888 2638 1034 2723 quaestio
1061 2638 1237 2720 profligata

136 2749 203 2818 est,
220 2741 278 2805 ubi
301 2740 444 2805 ethnicis
473 2741 692 2825 scriptoribus
709 2741 854 2819 Graecis,
878 2741 966 2805 unde
982 2747 1158 2804 manarunt
1173 2739 1235 2803 bn·

129 2844 285 2928 jusmodi
314 2844 507 2927 opiniones,
537 2845 756 2929 inprimisque
783 2845 924 2935 Zosimo
950 2844 984 2907 in
1010 2843 1051 2906 iis
1081 2861 1158 2924 quaa
1189 2843 1234 2905 ad

133 2949 354 3030 imperatores
371 2946 581 3012 Christianos
606 2954 773 3031 spectant,
798 2946 921 3012 nullam
946 2965 1023 3012 esse
1048 2944 1233 3009 habendam

102 3086 106 3094 .
132 3048 235 3113 fidem
259 3048 444 3112 observavi.
490 3048 543 3113 Ac
568 3049 806 3132 praetermissis
829 3049 1109 3134 Panegyricomm
1134 3049 1233 3128 locis,

132 3153 193 3216 ubi
207 3150 419 3218 Constantini
431 3153 633 3216 continentia
649 3162 718 3218 tam
735 3172 828 3235 saepe
843 3140 1009 3230 laudatur,
1023 3151 1089 3215 hoc
1104 3155 1232 3214 tantum

132 3256 223 3333 dico,
240 3273 408 3338 nunquam
421 3254 577 3339 Crispum
589 3275 656 3319 nna
671 3274 746 3320 curn
759 3255 881 3320 ceteris
895 3253 1108 3318 Constantini
1118 3251 1232 3318 liberis

131 3358 232 3442 quasi
247 3376 360 3423 eorum
383 3365 463 3422 natu
490 3358 673 3423 maximum
690 3357 732 3421 ad
755 3356 884 3441 imperii
899 3376 995 3440 spem
1011 3355 1230 3430 educandum,

130 3465 190 3524 aut
204 3459 391 3524 ornandum
406 3479 452 3523 ex
470 3460 607 3525 Faustae
631 3478 800 3525 consensu
816 3458 963 3524 Caesaris
980 3457 1154 3540 dignitate,
1174 3463 1232 3523 aut

130 3564 206 3648 ejus
220 3570 360 3627 mortem
376 3563 419 3627 ab
435 3561 570 3627 Helena
592 3567 767 3647 tantopere
783 3562 967 3628 deflendam
984 3568 1045 3624 ant
1058 3561 1230 3626 vindican-

129 3664 218 3740 dam,
246 3664 277 3728 si
288 3683 334 3728 ex
357 3665 505 3746 legitimo
530 3666 742 3731 matrimonio
765 3673 866 3730 natus
894 3683 962 3729 non
985 3663 1115 3728 fuisset.
1162 3661 1229 3726 Mi·

128 3767 300 3833 uarvinam
322 3767 452 3831 natione
465 3765 600 3832 Gallam
627 3760 733 3833 ¹inisse
757 3767 898 3851 probare
920 3766 1035 3839 nititur
1049 3764 1228 3828 Tristanus

128 3871 162 3935 in
178 3869 406 3936 Commentar.
422 3868 555 3933 Hister.
569 3889 614 3933 ex
637 3867 807 3934 Ammiani
828 3870 887 3935 lib.
906 3883 1056 3934 xxvnr.
1076 3865 1135 3929 ubi
1159 3863 1227 3928 Mi-

128 3972 232 4038 nervii
257 3971 434 4056 cujusdam
456 3971 518 4035 viri
546 3972 734 4037 consularis
757 3973 882 4038 mentio
907 3978 979 4037 est:
1003 3984 1048 4032 ex
1065 3967 1226 4045 Ausonio,

127 4075 217 4161 apud
228 4094 327 4160 quem
334 4073 464 4141 Tiberii
475 4073 626 4144 Victoris
643 4075 801 4144 Minervii
816 4084 984 4142 oratorum
992 4072 1047 4138 sui
1063 4071 1224 4155 temporis
