2730 4726
173 303 260 371 1136
555 320 587 368 o.
612 319 645 368 c.
669 317 888 374 scuwnnzrr

173 475 242 545 tus,
265 471 379 530 tamen
402 481 538 528 nummo
559 483 653 531 cuso
672 465 843 532 memoriae
866 466 1019 549 proditus
1046 474 1108 536 est.
1154 468 1286 558 Neque

172 568 263 634 enirn
277 565 449 650 quadrigae
465 567 498 630 in
513 568 659 630 nummis
678 586 812 651 semper
831 569 1017 654 triumphos
1031 590 1146 638 revera
1161 582 1284 656 actos3

172 671 233 737 sed
245 669 429 754 aliquando
444 674 572 734 tautum
589 689 610 734 a
624 676 744 734 senatu
759 669 918 736 decretos
929 672 1117 757 designant.
1147 675 1282 762 Hujus·

171 773 265 839 modi
279 792 449 837 nummum
465 772 499 835 in
514 771 612 837 Gaza
630 771 790 837 Medicea
811 783 1033 853 asservatum,
1050 775 1191 843 Cardin.
1207 779 1283 845 No·

170 877 275 942 risius
298 874 431 958 egregia
457 873 692 939 dissertatione
716 873 912 939 illustravit.
957 875 998 941 ln
1023 877 1125 962 cujus
1149 881 1283 948 nummi

171 979 315 1045 adversa
337 983 434 1061 parte
458 975 710 1059 conspiciuntur
734 977 958 1060 imperatores
983 978 1222 1048 Diocletianus
1244 990 1282 1051 et

171 1080 420 1157 Maximianus,
435 1098 472 1143 se
485 1077 720 1161 respicientes,
742 1088 778 1142 ot
800 1079 955 1158 laureati,
975 1099 1017 1145 ac
1038 1074 1281 1153 consularibus

170 1183 298 1248 trabeis
321 1181 443 1258 induti,
465 1180 651 1263 scipionem
676 1180 891 1245 consularem
913 1199 1015 1246 manu
1035 1187 1216 1264 gestantes,
1243 1187 1281 1251 iu

170 1284 269 1369 cujus
285 1286 473 1348 summitate
489 1282 605 1364 aquila
620 1288 773 1364 apparet.
818 1282 951 1347 Aversa
964 1285 1092 1347 nummi
1114 1305 1195 1368 pars
1217 1308 1279 1354 ex-

169 1385 263 1453 hibet
278 1405 413 1452 currum
431 1383 676 1466 triumphalem,
693 1383 824 1466 junctis
850 1389 997 1466 quatuor
1017 1384 1279 1470 elephantibust

168 1488 206 1553 in
226 1508 325 1554 curru
346 1491 434 1552 stant
453 1487 681 1569 imperatores,
697 1491 733 1549 et
755 1483 901 1569 desuper
916 1484 1081 1561 Victoria,
1097 1508 1178 1571 quae
1194 1490 1279 1561 hinc

169 1590 249 1662 inde
272 1590 406 1674 palmas
433 1588 569 1672 spargit.
614 1586 655 1651 In
681 1586 824 1652 adversa
845 1593 939 1671 parte
961 1588 1036 1655 haec
1058 1591 1180 1674 legitur
1203 1595 1279 1678 epi-

170 1694 313 1777 graphe:
343 1709 445 1756 rnen.
478 1706 737 1754 oroonurrauo
768 1707 813 1755 su
842 1707 1076 1758 unxrurnuo
1103 1710 1213 1761 aveo.
1243 1699 1279 1766 in

170 1815 311 1863 aversa:
337 1811 442 1858 rurs.
467 1807 730 1856 urocnuurauo
760 1807 818 1857 ιιι.
847 1808 894 1856 ur
918 1809 1148 1861 uaxrrrrnuo
1172 1814 1277 1866 coss.

86 1909 89 1917 ’
171 1897 283 1964 Recte
297 1895 353 1962 hic
369 1915 538 1971 nummus,
554 1895 653 1979 eujus
669 1894 823 1978 'imagine
846 1898 1039 1963 ornavimus
1057 1897 1200 1965 frontem
1215 1902 1277 1968 hu·

164 1998 226 2086 jus
241 1999 504 2077 dissertationis,
528 1998 669 2063 refertur
688 1997 732 2062 ad
751 1997 796 2061 A·
808 1998 849 2064 G.
864 1999 940 2064 287.
956 2001 990 2064 in
1005 2020 1073 2083 quo
1088 2003 1224 2086 utrique
1240 2005 1278 2073 hi

169 2103 390 2187 imperatores
417 2102 628 2167 consulatum
652 2119 797 2183 gessere,
819 2108 854 2166 et
876 2100 1117 2168 Diocletianus
1137 2105 1277 2189 quidem

169 2211 251 2271 tunc
268 2207 414 2282 tertium,
431 2205 666 2268 Maximianus
684 2222 764 2266 vero
779 2202 889 2267 adhuc
906 2193 979 2268 sine
994 2224 1141 2270 numero.
1189 2207 1277 2274 Dio·

164 2308 342 2381 'cletianum
365 2327 450 2390 pace
465 2325 540 2370 curn
558 2304 691 2370 Narseo
707 2306 801 2382 inita,
822 2306 856 2369 in
876 2304 1103 2388 Europamse
1119 2310 1277 2390 contulit,

169 2415 204 2476 et
218 2408 391 2474 Rhaetiam
406 2409 590 2490 ingressus,
608 2408 800 2472 Romanurn
816 2409 956 2473 limitem
970 2409 1120 2491 protulit,
1140 2429 1182 2475 ac
1196 2430 1275 2478 cum

169 2510 387 2577 Maximiano
413 2509 456 2574 de
481 2511 581 2574 rebus
606 2511 739 2593 imperii
760 2514 794 2573 et
818 2511 901 2575 forte
927 2511 1082 2575 debello
1106 2511 1276 2582 adversus

168 2611 380 2689 carausium,
395 2611 454 2694 qui
470 2610 666 2675 Britannias
688 2616 924 2694 occupaverat,
946 2612 1168 2695 suscipiendo
1189 2614 1276 2682 deli·

166 2713 307 2781 beravit.
366 2709 474 2794 Cujus
508 2712 671 2794 colloquii
699 2713 896 2776 mentionem
925 2713 1008 2778 facit
1038 2714 1277 2796 Mamertinus,

168 2831 322 2901 cap.1x.
368 2813 498 2879 Eodem
523 2833 612 2878 anno
638 2813 740 2894 igitur
761 2833 864 2878 naves
886 2815 1050 2880 adversus
1071 2815 1274 2886 Carausium

167 2918 331 2985 aedificari
346 2923 485 3000 coeptae,
495 2916 536 2979 de
550 2915 676 3000 quibus
688 2925 930 2981 commemorat
943 2916 1181 2996 Mamertinus,
1194 2940 1274 3005 cap.
1342 2978 1347 2987 .

167 3036 243 3084 xri.
292 3017 337 3083 Α.
349 3019 389 3082 O.
400 3017 479 3083 289.
496 3017 547 3081 M.
564 3017 703 3081 Aurelio
719 3017 859 3082 Valerio
875 3018 1089 3086 Maximiano
1105 3021 1273 3090 Herculio

166 3121 256 3203 Aug.
274 3137 314 3184 rr.
342 3127 378 3184 et
401 3119 595 3201 Pomponio
610 3117 775 3183 Januario
793 3119 1011 3199 Consulibus,
1039 3123 1171 3187 videtur
1195 3123 1273 3189 Ma-

166 3223 337 3288 ximianus
363 3221 517 3286 Rhenum
541 3208 776 3304 transgressus*
792 3242 885 3287 arma
911 3223 1068 3289 victricia
1095 3225 1210 3289 tulisse
1235 3228 1273 3290 in

166 3326 392 3403 Germaniam,
412 3344 634 3407 securamque
653 3324 841 3391 reddidisse
857 3324 1018 3405 Galliam,
1034 3334 1069 3390 et
1082 3328 1150 3409 regi
1167 3327 1273 3394 Fran-

165 3448 283 3496 corum
298 3430 487 3493 restituisse
502 3448 653 3509 regnum.

158 3533 161 3539 ’
207 3529 253 3597 A·
269 3529 309 3595 (l.
324 3528 400 3594 289.
423 3529 501 3593 Tib.
519 3529 629 3594 Basso
646 3544 688 3591 11.
703 3533 738 3594 et
753 3526 938 3616 Quintiano
962 3528 1178 3608 Consulibus,
1193 3533 1271 3599 Ma-

164 3631 328 3714 martinus
354 3630 409 3694 die
435 3630 542 3695 natali
565 3631 661 3694 urbis
688 3629 821 3709 Romae,
846 3631 979 3696 scilicet
1003 3647 1092 3696 xxi.
1124 3632 1271 3716 Aprilis,

164 3732 412 3815 Panegyricum
437 3730 525 3802 hunc
546 3731 646 3809 dixit,
661 3736 701 3796 ut
713 3738 802 3797 recte
822 3734 943 3816 probat
959 3732 1139 3814 Norisius3
1162 3757 1272 3820 quan·

165 3852 268 3918 quam
281 3833 407 3916 Pagius
422 3820 498 3897 oum
514 3833 632 3898 reserat
646 3833 689 3898 ad
704 3854 825 3899 annum
837 3835 992 3918 proxime
1007 3837 1270 3906 antecedentem.

165 3937 232 4002 Sed
248 3955 322 4000 cum
344 3955 386 4001 eo
408 3954 506 4014 anno,
522 3935 789 4019 postChristum
812 3941 925 4001 natum
942 3935 1017 4001 288.
1033 3936 1270 4008 Maximianus
1318 3930 1321 3938 ’

165 4039 380 4105 consulatum
403 4039 556 4120 gesserit,
578 4039 671 4103 nulla
692 4039 781 4105 ratio
800 4045 950 4123 apparet,
966 4059 1025 4103 cur
1041 4038 1269 4110 Mamertinus

164 4143 246 4205 tnnc
260 4140 386 4207 nullam
407 4140 607 4208 mentionem
628 4141 804 4228 injecisset
824 4141 924 4227 hujus
940 4140 1148 4222 consulatus,
1163 4144 1271 4230 impe-
