2730 4726
456 310 739 360 rauauuarous.
777 292 925 359 x11.37.
1152 295 1239 362 1607

137 458 244 524 affore
258 458 460 536 nuntiatum,
473 458 629 541 impulsis
642 456 751 522 effusa
762 456 870 540 portis
885 456 1020 521 obviarn
1036 458 1238 541 provolavit,
1260 534 1274 551 ἣ

136 573 184 638 et,
198 568 234 626 ut
248 567 300 625 est
313 581 411 626 omne
426 560 626 626 desiderium
645 566 724 645 post
746 580 844 643 spem
865 559 1106 643 impatientius,
1122 582 1238 644 parum

138 662 279 730 credens
292 670 409 746 patere
428 664 586 740 venienti,
608 663 780 728 festinavit
803 681 982 726 occursare
1009 670 1160 727 venturo.
1202 665 1237 731 2.
1331 678 1334 682 ’

139 767 254 848 Fingit
269 766 419 849 quidem,
431 776 469 831 nt
484 767 620 839 scimus,
634 767 731 831 timor
746 764 904 846 gaudium
918 774 939 826 :f
960 763 1021 827 sed
1037 764 1087 828 ita
1100 765 1237 833 intimos

137 871 259 933 mentis
276 869 417 936 affectus
432 871 705 955 proditorvultus
719 869 893 947 enuntiat,⁸
904 874 942 931 ut
953 867 987 930 iu
1003 869 1140 949 speculo
1152 868 1237 933 fron·

137 973 220 1036 tium
245 973 355 1055 imago
381 981 476 1039 extat
499 974 694 1039 animorum.
740 972 846 1038 Velut
867 972 925 1037 illa
946 972 1070 1037 civitas
1093 972 1238 1055 elonga

134 1075 312 1140 obsidione
326 1076 507 1160 respirans,
528 1075 617 1160 quod
638 1097 711 1143 earn
730 1082 887 1159 tyrannus
910 1073 1059 1158 Alpibus
1079 1074 1236 1158 objacen-

134 1186 203 1242 tem
219 1185 375 1262 tauquam
392 1180 470 1243 belli
485 1180 584 1244 limen
600 1180 784 1253 attriverat,
796 1184 890 1241 tanta
904 1196 940 1240 se
953 1181 1062 1241 ettam
1076 1177 1236 1260 simplici*

133 1281 344 1346 exultatione
354 1282 522 1365 jactabat,
538 1288 573 1346 ut
586 1282 620 1345 ui
636 1288 726 1345 esset
742 1299 822 1343 vera
841 1280 973 1357 laetitia,
990 1279 1093 1343 nimia
1108 1280 1236 1346 videre·

132 1393 197 1449 tur.
240 1384 272 1447 3.
298 1385 461 1449 Petebant
473 1405 509 1448 se
524 1385 636 1448 obviae
653 1383 906 1467 tripudiantium
922 1389 1087 1448 catervae:
1112 1394 1237 1451 cuncta

133 1495 237 1555 cantu
252 1495 285 1552 et
298 1489 456 1553 crotalis⁸
471 1488 720 1572 personabant:
742 1486 798 1550 bic
807 1484 870 1550 tibi
883 1485 1083 1568 triumphum
1094 1487 1236 1569 chorus;

133 1590 193 1654 ille
210 1598 325 1655 contra
339 1598 479 1676 tyranno
494 1590 651 1656 funebres
675 1587 820 1655 naenias*
844 1596 880 1653 ct
902 1608 1034 1653 carmen
1058 1590 1242 1672 exequiale·

133 1692 289 1758 dicebat:
311 1693 367 1758 hic
385 1700 579 1778 perpetuum
595 1694 696 1758 victis
710 1693 862 1773 abitum;
883 1692 943 1757 ille
959 1692 1142 1757 victoribus
1165 1713 1236 1760 cre·

135 1796 230 1859 brum
256 1797 401 1879 optabat
425 1797 613 1861 adventurn.
656 1795 736 1860 Jam
760 1814 973 1879 quocumque
999 1795 1137 1859 tulisses
1161 1817 1236 1879 gra·

132 1897 226 1976 duur,
243 1900 352 1982 sequi,
377 1898 645 1975 circumcursare,
667 1897 878 1980 praecedare;
900 1899 974 1961 vias
990 1895 1144 1982 denique,
1161 1900 1234 1982 qui·

133 2001 198 2066 bus
214 2000 380 2081 ferebaris,
396 2003 586 2067 obstruere:
609 2001 721 2064 nullus
737 2002 894 2085 cuiqnam
919 2002 971 2064 sui
997 2001 1088 2064 tuive
1104 2020 1233 2086 respec-

134 2109 190 2168 tus
204 2104 362 2169 blandam
378 2106 437 2185 tibi
452 2103 599 2169 faciebat
614 2102 769 2188 iujuriam
784 2104 996 2169 contumacia
1013 2104 1235 2186 gaudiorunr‘

132 2206 165 2270 4.
189 2204 281 2284 Quid
304 2228 367 2290 ego
382 2209 518 2273 reseram
535 2226 598 2291 pro
613 2209 805 2273 moenibus’
821 2212 891 2271 suis
905 2207 1027 2272 festum
1042 2206 1157 2271 liberae
1174 2227 1234 2272 no·

133 2309 277 2374 bilitatis
294 2330 483 2387 occursum,
499 2312 701 2397 conspicuos
718 2319 812 2376 veste
829 2311 927 2375 nivea
943 2316 1124 2388 senatores,
1141 2331 1233 2376 reve·

132 2411 255 2476 rendos
277 2414 474 2499 municipali
495 2433 642 2498 purpura
669 2412 846 2491 flamines,¹¹
871 2415 1020 2495 insignes
1052 2413 1234 2496 apicibusv

164 2552 176 2577 '
192 2544 316 2596 Lamum
326 2547 438 2597 emulare
448 2553 535 2612 polest.
615 2555 626 2583 *
642 2547 747 2598 ludw-
811 2549 820 2580 ³
839 2547 897 2597 Tam
908 2546 1054 2607 conjurata.

165 2618 179 2643 ⁸
195 2610 349 2677 Sigaiflcallo
360 2614 453 2664 latitia
463 2613 535 2662 airum
544 2613 672 2664 abutim-
742 2621 755 2646 ²
769 2611 812 2662 Aa
822 2611 917 2663 maala.

130 2787 192 2837 cdd.
204 2795 269 2839 vett.
284 2793 435 2843 mamea
446 2793 506 2842 Vel.
516 2794 629 2843 Puteau.
639 2801 666 2841 et
678 2791 799 2842 vatican.
819 2790 911 2840 odeum
926 2788 1065 2855 prenotavit
1083 2787 1232 2852 Guelpln-

129 2858 147 2902 2
164 2853 228 2903 Exc.
241 2856 382 2907 Schuubot.
398 2865 425 2907 ut
436 2859 522 2908 salmes
533 2864 557 2908 et
569 2859 650 2908 timor.
666 2857 766 2908 Bettln.
787 2857 815 2907 itt
830 2857 923 2919 speculo
933 2856 1059 2914 soutlnmr
1076 2855 1137 2920 Vet.
1149 2856 1233 2905 Livio.

129 2918 156 2967 ln
165 2921 319 2984 tpsortt‘ttm.
353 2924 405 2972 Pro
416 2930 493 2984 catat,
506 2924 606 2973 Acidal.
617 2923 686 2984 conj.
702 2928 785 2981 (πίοις
802 2931 829 2970 et
843 2937 889 2984 pro
904 2921 1056 2980 abiamntem,
1065 2919 1233 2980 subjacentem.

130 2983 205 3033 Idem
219 3000 285 3042 uror,
308 2993 394 3037 ateste
404 3005 460 3039 uera
476 2990 574 3049 latitia,
590 2990 627 3038 ael
637 2989 694 3053 qaia
709 2989 784 3036 nimia
800 2988 938 3044 uideretur&
955 2985 1016 3036 edd.
1030 2994 1094 3034 vett.
1118 2991 1145 3034 ιιι
1156 2985 1232 3037 tueare

129 3062 195 3098 cera.
229 3052 282 3100 Pro
299 3053 429 3112 uideretur,
441 3056 501 3103 Vct.
512 3056 626 3104 Puteun.
642 3053 822 3115 judicatae—3
840 3053 954 3113 Grrelplr.
976 3057 999 3100 el
1016 3064 1109 3099 carmen
1124 3051 1232 3101 exitiale.

130 3114 184 3162 Pro
200 3118 310 3179 cuiquam
326 3118 440 3181 Guelpb.
460 3120 539 3169 habet
556 3120 656 3183 cuiqam
673 3130 700 3166 et
716 3119 797 3182 talpae
815 3133 862 3178 pro
879 3119 961 3174 talae,·
978 3116 1039 3166 Ver.
1057 3117 1170 3165 Puteau.
1194 3118 1232 3167 trrt'

129 3180 203 3228 nive.
237 3182 321 3231 Voces
337 3186 484 3233 coutumacia
497 3185 639 3246 gaudiorum
657 3185 751 3234 desunt
768 3184 793 3231 in
811 3182 923 3244 Guelpb.
940 3191 967 3230 et
984 3181 1041 3230 cod.
1059 3181 1231 3231 Scbwarziau.

130 3253 222 3294 estant
235 3249 330 3297 veroin
343 3248 400 3297 cod.
414 3248 557 3300 &theti-t
570 3250 636 3300 Edd.
649 3256 713 3300 vett.
735 3249 819 3299 aetat·
829 3250 950 3298 tardantes
958 3248 1065 3310 plateam
1083 3247 1115 3296 al·
1133 3264 1156 3297 a.
1166 3248 1232 3297 radi·

617 3363 725 3413 NOTAE

128 3446 185 3496 rico
201 3448 368 3500 continuaret
380 3447 544 3516 Aqullelarn,'
558 3450 609 3517 (sic
620 3452 657 3501 lo·
698 3459 757 3500 snut
769 3449 816 3499 tul
826 3450 871 3498 τοῦ
881 3447 982 3513 κρούειν,
997 3450 1181 3513 aperautieado.

128 3524 219 3589 paritur
246 3527 386 3591 Pacatum)
403 3529 548 3590 longissimo
572 3539 659 3578 tracta
731 3529 868 3594 ‘Noealaq
885 3528 994 3580 Quintil.
1012 3541 1075 3576 ιιιιι.
1096 3532 1121 3577 2.
1144 3528 1230 3577 ‘Car-

128 3609 201 3650 retro
217 3607 279 3664 agat
296 3603 322 3652 ln
339 3604 416 3653 imum
428 3620 501 3668 pano
515 3605 657 3669 Illyricum,
699 3623 758 3658 meu
778 3607 896 3671 trrnebre,
909 3607 1014 3669 proprie
1032 3605 1111 3653 noeaia
1123 3603 1229 3660 dicitur,

129 3678 174 3727 ubl
195 3686 235 3727 est
252 3679 377 3730 Narona?
404 3681 532 3731 Balduiuo
552 3683 659 3733 videtur
700 3683 830 3741 arsurae,
847 3681 974 3732 ultimum.'
1007 3682 1071 3730 Erat
1087 3680 1155 3729 euim
1168 3680 1229 3730 ulti·

128 3754 603 3821 iddoAqullelalpsaintelligendum,
615 3758 659 3807 ubl
699 3778 767 3811 mum
787 3762 854 3827 quod
877 3760 1008 3810 det'nrrctls
1025 3766 1173 3818 caneretur,
1194 3756 1228 3807 ad

128 3840 288 3893 postremum
300 3833 383 3883 victus
395 3841 436 3882 est
448 3833 588 3883 Maximus.
605 3833 658 3883 Sari
700 3840 788 3888 tibiam
800 3847 861 3888 anre
878 3835 990 3886 cadaver
1001 3833 1139 3896 sepultum.
1173 3833 1229 3883 Ηο.

127 3912 204 3963 male,
217 3923 272 3957 mea
285 3909 387 3973 quidem
399 3910 537 3960 sententia.
699 3923 749 3966 rat.
761 3914 909 3965 0d.11.20.
923 3914 931 3941 ‘
944 3909 1039 3960 Absint
1052 3910 1122 3959 insul
1136 3906 1228 3960 funere

128 4014 130 4019 ·
158 3995 169 4021 ⁰
186 3987 453 4050 Crotalis10rotalum
472 3996 530 4040 erat
546 3988 657 4052 crepita-
698 3992 799 4055 unuln,
818 3991 967 4052 Luctusque
987 3994 1077 4048 turpes
1095 3992 1123 4034 et
1141 3987 1228 4050 queri·

127 4067 213 4114 culum
224 4080 258 4116 ex
276 4066 353 4130 liguo,
366 4081 429 4130 rere,
446 4069 529 4117 aliare
548 4068 656 4118 materia
696 4065 807 4123 monia)
823 4070 872 4115 &a
897 4091 902 4131 '.

125 4145 165 4192 ita
183 4143 376 4203 concinnatum,
395 4152 424 4193 ut
443 4142 547 4195 allicere
565 4157 656 4195 sunum
729 4151 741 4177 υ
759 4141 901 4205 municipali
919 4152 1025 4204 perpura
1039 4136 1165 4202 flamines]
1181 4137 1225 4189 vt·

126 4228 215 4286 postet
233 4235 312 4274 manu
328 4225 438 4288 pulsum.
470 4223 576 4276 Cratala
586 4223 657 4275 dicta
696 4221 818 4273 datores
833 4220 883 4270 lroo
898 4217 955 4269 loeo
973 4215 1152 4268 nonnullarum
1164 4215 1227 4268 clri-
