<?xml version="1.0" encoding="UTF-8"?>
<!DOCTYPE html PUBLIC "-//W3C//DTD XHTML 1.0 Transitional//EN"
    "http://www.w3.org/TR/xhtml1/DTD/xhtml1-transitional.dtd">
<html xmlns="http://www.w3.org/1999/xhtml" xml:lang="en" lang="en">
 <head>
  <title>
</title>
<meta http-equiv="Content-Type" content="text/html;charset=utf-8" />
  <meta name='ocr-system' content='tesseract 3.04.00' />
  <meta name='ocr-capabilities' content='ocr_page ocr_carea ocr_par ocr_line ocrx_word'/>
</head>
<body>
  <div class='ocr_page' id='page_1' title='image "./panegyriciveter01baungoog_0492.png"; bbox 0 0 2730 4726; ppageno 0'>
   <div class='ocr_carea' id='block_1_1' title="bbox 464 299 1240 389">
    <p class='ocr_par' dir='ltr' id='par_1_1' title="bbox 464 299 1240 389">
     <span class='ocr_line' id='line_1_1' title="bbox 464 299 1240 389; baseline 0.006 -25"><span class='ocrx_word' id='word_1_1' title='bbox 464 314 747 366; x_wconf 69' lang='lat' dir='ltr'><strong>renueremus.</strong></span> <span class='ocrx_word' id='word_1_2' title='bbox 784 315 856 367; x_wconf 84' lang='lat' dir='ltr'><strong>xrr.</strong></span> <span class='ocrx_word' id='word_1_3' title='bbox 872 299 924 366; x_wconf 85' lang='grc'><strong>18.</strong></span> <span class='ocrx_word' id='word_1_4' title='bbox 1151 302 1240 389; x_wconf 78' lang='lat'><strong>1579</strong></span> 
     </span>
    </p>
   </div>
   <div class='ocr_carea' id='block_1_2' title="bbox 139 458 1239 957">
    <p class='ocr_par' dir='ltr' id='par_1_2' title="bbox 139 458 1239 957">
     <span class='ocr_line' id='line_1_2' title="bbox 143 458 1237 544; baseline 0.005 -17"><span class='ocrx_word' id='word_1_5' title='bbox 143 469 219 527; x_wconf 82' lang='lat' dir='ltr'><strong>tete</strong></span> <span class='ocrx_word' id='word_1_6' title='bbox 233 479 410 527; x_wconf 74' lang='lat' dir='ltr'><strong>cavearum</strong></span> <span class='ocrx_word' id='word_1_7' title='bbox 422 458 435 497; x_wconf 65' lang='lat' dir='ltr'><strong>l</strong></span> <span class='ocrx_word' id='word_1_8' title='bbox 455 459 557 526; x_wconf 90' lang='lat' dir='ltr'><strong>fidem</strong></span> <span class='ocrx_word' id='word_1_9' title='bbox 572 461 714 544; x_wconf 81' lang='lat' dir='ltr'><strong>tempori</strong></span> <span class='ocrx_word' id='word_1_10' title='bbox 729 461 881 539; x_wconf 56' lang='lat' dir='ltr'><strong>debent?</strong></span> <span class='ocrx_word' id='word_1_11' title='bbox 895 480 974 525; x_wconf 91' lang='lat' dir='ltr'><strong>num</strong></span> <span class='ocrx_word' id='word_1_12' title='bbox 986 466 1149 544; x_wconf 76' lang='lat' dir='ltr'><strong>prestere</strong></span> <span class='ocrx_word' id='word_1_13' title='bbox 1164 485 1237 532; x_wconf 72' lang='lat' dir='ltr'><strong>ere-¹</strong></span> 
     </span>
     <span class='ocr_line' id='line_1_3' title="bbox 141 563 1239 650; baseline 0.004 -20"><span class='ocrx_word' id='word_1_14' title='bbox 141 563 253 630; x_wconf 87' lang='lat' dir='ltr'><strong>dendo</strong></span> <span class='ocrx_word' id='word_1_15' title='bbox 275 565 351 648; x_wconf 86' lang='lat' dir='ltr'><strong>plus</strong></span> <span class='ocrx_word' id='word_1_16' title='bbox 372 582 566 646; x_wconf 88' lang='lat' dir='ltr'><strong>possumus,</strong></span> <span class='ocrx_word' id='word_1_17' title='bbox 583 584 684 647; x_wconf 84' lang='lat' dir='ltr'><strong>quern</strong></span> <span class='ocrx_word' id='word_1_18' title='bbox 708 571 745 630; x_wconf 92' lang='lat' dir='ltr'><strong>ut</strong></span> <span class='ocrx_word' id='word_1_19' title='bbox 763 567 861 641; x_wconf 84' lang='lat' dir='ltr'><strong>istos,</strong></span> <span class='ocrx_word' id='word_1_20' title='bbox 884 565 942 650; x_wconf 89' lang='lat' dir='ltr'><strong>qui</strong></span> <span class='ocrx_word' id='word_1_21' title='bbox 961 565 1117 632; x_wconf 82' lang='lat' dir='ltr'><strong>emieitiee</strong></span> <span class='ocrx_word' id='word_1_22' title='bbox 1135 567 1239 634; x_wconf 84' lang='lat' dir='ltr'><strong>leude</strong></span> 
     </span>
     <span class='ocr_line' id='line_1_4' title="bbox 141 665 1236 752; baseline 0.002 -19"><span class='ocrx_word' id='word_1_23' title='bbox 141 672 332 744; x_wconf 73' lang='lat' dir='ltr'><strong>censentur,</strong></span> <span class='ocrx_word' id='word_1_24' title='bbox 357 667 541 731; x_wconf 80' lang='lat' dir='ltr'><strong>amicorum</strong></span> <span class='ocrx_word' id='word_1_25' title='bbox 562 665 668 731; x_wconf 82' lang='lat' dir='ltr'><strong>fnisse</strong></span> <span class='ocrx_word' id='word_1_26' title='bbox 690 683 791 751; x_wconf 85' lang='lat' dir='ltr'><strong>quern</strong></span> <span class='ocrx_word' id='word_1_27' title='bbox 816 667 870 731; x_wconf 86' lang='lat' dir='ltr'><strong>sui</strong></span> <span class='ocrx_word' id='word_1_28' title='bbox 892 667 1119 750; x_wconf 76' lang='lat' dir='ltr'><strong>diligentiores</strong></span> <span class='ocrx_word' id='word_1_29' title='bbox 1142 675 1236 752; x_wconf 52' lang='lat' dir='ltr'><strong>putee</strong></span> 
     </span>
     <span class='ocr_line' id='line_1_5' title="bbox 140 769 1236 854; baseline 0.005 -20"><span class='ocrx_word' id='word_1_30' title='bbox 140 772 242 835; x_wconf 83' lang='lat' dir='ltr'><strong>musi</strong></span> <span class='ocrx_word' id='word_1_31' title='bbox 265 770 332 834; x_wconf 87' lang='lat' dir='ltr'><strong>Sed</strong></span> <span class='ocrx_word' id='word_1_32' title='bbox 342 790 419 835; x_wconf 89' lang='lat' dir='ltr'><strong>cum</strong></span> <span class='ocrx_word' id='word_1_33' title='bbox 431 770 625 835; x_wconf 78' lang='lat' dir='ltr'><strong>instituente</strong></span> <span class='ocrx_word' id='word_1_34' title='bbox 637 777 756 835; x_wconf 81' lang='lat' dir='ltr'><strong>nature</strong></span> <span class='ocrx_word' id='word_1_35' title='bbox 769 769 846 854; x_wconf 90' lang='lat' dir='ltr'><strong>plus</strong></span> <span class='ocrx_word' id='word_1_36' title='bbox 857 770 923 836; x_wconf 85' lang='lat' dir='ltr'><strong>lere</strong></span> <span class='ocrx_word' id='word_1_37' title='bbox 939 770 1031 836; x_wconf 86' lang='lat' dir='ltr'><strong>illies</strong></span> <span class='ocrx_word' id='word_1_38' title='bbox 1044 789 1147 854; x_wconf 83' lang='lat' dir='ltr'><strong>quem</strong></span> <span class='ocrx_word' id='word_1_39' title='bbox 1157 792 1236 841; x_wconf 56' lang='lat' dir='ltr'><strong>nese</strong></span> 
     </span>
     <span class='ocr_line' id='line_1_6' title="bbox 139 873 1236 957; baseline 0.002 -19"><span class='ocrx_word' id='word_1_40' title='bbox 139 874 318 956; x_wconf 85' lang='lat' dir='ltr'><strong>metipsos</strong></span> <span class='ocrx_word' id='word_1_41' title='bbox 333 873 525 956; x_wconf 80' lang='lat' dir='ltr'><strong>diligamus,</strong></span> <span class='ocrx_word' id='word_1_42' title='bbox 542 893 639 938; x_wconf 91' lang='lat' dir='ltr'><strong>omne</strong></span> <span class='ocrx_word' id='word_1_43' title='bbox 655 873 737 939; x_wconf 85' lang='lat' dir='ltr'><strong>vicit</strong></span> <span class='ocrx_word' id='word_1_44' title='bbox 752 873 957 957; x_wconf 79' lang='lat' dir='ltr'><strong>exemplum,</strong></span> <span class='ocrx_word' id='word_1_45' title='bbox 972 873 1168 956; x_wconf 80' lang='lat' dir='ltr'><strong>quiemleos</strong></span> <span class='ocrx_word' id='word_1_46' title='bbox 1182 877 1236 946; x_wconf 85' lang='lat' dir='ltr'><strong>bis</strong></span> 
     </span>
    </p>
   </div>
   <div class='ocr_carea' id='block_1_3' title="bbox 138 976 1348 1060">
    <p class='ocr_par' dir='ltr' id='par_1_3' title="bbox 138 976 1348 1060">
     <span class='ocr_line' id='line_1_7' title="bbox 138 976 1348 1060; baseline 0.001 -18"><span class='ocrx_word' id='word_1_47' title='bbox 138 976 301 1059; x_wconf 71' lang='lat' dir='ltr'><strong>praetulit,</strong></span> <span class='ocrx_word' id='word_1_48' title='bbox 318 995 406 1059; x_wconf 87' lang='lat' dir='ltr'><strong>quos</strong></span> <span class='ocrx_word' id='word_1_49' title='bbox 421 977 486 1041; x_wconf 89' lang='lat' dir='ltr'><strong>sibi</strong></span> <span class='ocrx_word' id='word_1_50' title='bbox 500 976 704 1060; x_wconf 76' lang='lat' dir='ltr'><strong>praeferebat.</strong></span> <span class='ocrx_word' id='word_1_51' title='bbox 747 977 779 1042; x_wconf 84' lang='grc'><strong>3.</strong></span> <span class='ocrx_word' id='word_1_52' title='bbox 804 976 871 1041; x_wconf 89' lang='lat' dir='ltr'><strong>Sed</strong></span> <span class='ocrx_word' id='word_1_53' title='bbox 885 982 921 1041; x_wconf 88' lang='lat' dir='ltr'><strong>tu</strong></span> <span class='ocrx_word' id='word_1_54' title='bbox 936 976 1096 1059; x_wconf 55' lang='lat' dir='ltr'><strong>quideme</strong></span> <span class='ocrx_word' id='word_1_55' title='bbox 1117 977 1160 1041; x_wconf 85' lang='lat' dir='ltr'><strong>nd</strong></span> <span class='ocrx_word' id='word_1_56' title='bbox 1176 997 1235 1043; x_wconf 53' lang='lat' dir='ltr'><strong>ex*</strong></span> <span class='ocrx_word' id='word_1_57' title='bbox 1346 1055 1348 1059; x_wconf 23' lang='lat'>¹</span> 
     </span>
    </p>
   </div>
   <div class='ocr_carea' id='block_1_4' title="bbox 132 1076 1236 2604">
    <p class='ocr_par' dir='ltr' id='par_1_4' title="bbox 133 1076 1236 2295">
     <span class='ocr_line' id='line_1_8' title="bbox 139 1076 1236 1163; baseline 0.002 -21"><span class='ocrx_word' id='word_1_58' title='bbox 139 1078 343 1143; x_wconf 73' lang='lat' dir='ltr'><strong>onerandam</strong></span> <span class='ocrx_word' id='word_1_59' title='bbox 368 1078 562 1143; x_wconf 88' lang='lat' dir='ltr'><strong>debentium</strong></span> <span class='ocrx_word' id='word_1_60' title='bbox 579 1076 822 1157; x_wconf 77' lang='lat' dir='ltr'><strong>verecundiam,</strong></span> <span class='ocrx_word' id='word_1_61' title='bbox 840 1099 917 1163; x_wconf 89' lang='lat' dir='ltr'><strong>quee</strong></span> <span class='ocrx_word' id='word_1_62' title='bbox 938 1081 972 1144; x_wconf 89' lang='lat' dir='ltr'><strong>in</strong></span> <span class='ocrx_word' id='word_1_63' title='bbox 988 1084 1064 1143; x_wconf 88' lang='lat' dir='ltr'><strong>tuos</strong></span> <span class='ocrx_word' id='word_1_64' title='bbox 1078 1079 1236 1155; x_wconf 77' lang='lat' dir='ltr'><strong>coniers,⁰</strong></span> 
     </span>
     <span class='ocr_line' id='line_1_9' title="bbox 137 1181 1235 1267; baseline 0 -21"><span class='ocrx_word' id='word_1_65' title='bbox 137 1198 206 1246; x_wconf 88' lang='lat' dir='ltr'><strong>non</strong></span> <span class='ocrx_word' id='word_1_66' title='bbox 220 1183 272 1248; x_wconf 89' lang='lat' dir='ltr'><strong>vis</strong></span> <span class='ocrx_word' id='word_1_67' title='bbox 284 1182 389 1247; x_wconf 82' lang='lat' dir='ltr'><strong>videri</strong></span> <span class='ocrx_word' id='word_1_68' title='bbox 405 1188 573 1267; x_wconf 81' lang='lat' dir='ltr'><strong>praestare,</strong></span> <span class='ocrx_word' id='word_1_69' title='bbox 589 1183 647 1246; x_wconf 88' lang='lat' dir='ltr'><strong>sed</strong></span> <span class='ocrx_word' id='word_1_70' title='bbox 659 1182 806 1247; x_wconf 89' lang='lat' dir='ltr'><strong>reddere.</strong></span> <span class='ocrx_word' id='word_1_71' title='bbox 848 1185 882 1247; x_wconf 86' lang='grc'><strong>4.</strong></span> <span class='ocrx_word' id='word_1_72' title='bbox 905 1181 1067 1247; x_wconf 82' lang='lat' dir='ltr'><strong>Geramus</strong></span> <span class='ocrx_word' id='word_1_73' title='bbox 1084 1182 1148 1246; x_wconf 89' lang='lat' dir='ltr'><strong>tibi</strong></span> <span class='ocrx_word' id='word_1_74' title='bbox 1163 1201 1235 1246; x_wconf 83' lang='lat' dir='ltr'><strong>mo·</strong></span> 
     </span>
     <span class='ocr_line' id='line_1_10' title="bbox 137 1285 1234 1369; baseline 0.003 -22"><span class='ocrx_word' id='word_1_75' title='bbox 137 1303 220 1363; x_wconf 91' lang='lat' dir='ltr'><strong>rem,</strong></span> <span class='ocrx_word' id='word_1_76' title='bbox 228 1291 260 1350; x_wconf 94' lang='lat' dir='ltr'><strong>et</strong></span> <span class='ocrx_word' id='word_1_77' title='bbox 274 1285 510 1351; x_wconf 88' lang='lat' dir='ltr'><strong>beneficiorum</strong></span> <span class='ocrx_word' id='word_1_78' title='bbox 520 1302 666 1349; x_wconf 84' lang='lat' dir='ltr'><strong>summes</strong></span> <span class='ocrx_word' id='word_1_79' title='bbox 679 1294 807 1351; x_wconf 90' lang='lat' dir='ltr'><strong>tuorum</strong></span> <span class='ocrx_word' id='word_1_80' title='bbox 820 1305 881 1369; x_wconf 91' lang='lat' dir='ltr'><strong>pro</strong></span> <span class='ocrx_word' id='word_1_81' title='bbox 894 1294 954 1350; x_wconf 83' lang='lat' dir='ltr'><strong>tue</strong></span> <span class='ocrx_word' id='word_1_82' title='bbox 966 1287 1159 1350; x_wconf 74' lang='lat' dir='ltr'><strong>voluntatei</strong></span> <span class='ocrx_word' id='word_1_83' title='bbox 1173 1286 1234 1350; x_wconf 84' lang='lat' dir='ltr'><strong>du-</strong></span> 
     </span>
     <span class='ocr_line' id='line_1_11' title="bbox 137 1388 1234 1473; baseline 0.003 -22"><span class='ocrx_word' id='word_1_84' title='bbox 137 1397 265 1466; x_wconf 78' lang='lat' dir='ltr'><strong>centes,</strong></span> <span class='ocrx_word' id='word_1_85' title='bbox 279 1388 438 1472; x_wconf 90' lang='lat' dir='ltr'><strong>quicquid</strong></span> <span class='ocrx_word' id='word_1_86' title='bbox 454 1388 672 1453; x_wconf 76' lang='lat' dir='ltr'><strong>familiaribus</strong></span> <span class='ocrx_word' id='word_1_87' title='bbox 692 1389 762 1453; x_wconf 86' lang='lat' dir='ltr'><strong>tuis</strong></span> <span class='ocrx_word' id='word_1_88' title='bbox 774 1389 906 1464; x_wconf 90' lang='lat' dir='ltr'><strong>tribuis,</strong></span> <span class='ocrx_word' id='word_1_89' title='bbox 922 1408 989 1452; x_wconf 90' lang='lat' dir='ltr'><strong>non</strong></span> <span class='ocrx_word' id='word_1_90' title='bbox 1004 1388 1154 1473; x_wconf 84' lang='lat' dir='ltr'><strong>expendi</strong></span> <span class='ocrx_word' id='word_1_91' title='bbox 1175 1408 1234 1472; x_wconf 85' lang='lat' dir='ltr'><strong>po·¹</strong></span> 
     </span>
     <span class='ocr_line' id='line_1_12' title="bbox 138 1489 1234 1576; baseline 0.004 -24"><span class='ocrx_word' id='word_1_92' title='bbox 138 1489 221 1567; x_wconf 89' lang='lat' dir='ltr'><strong>tius,</strong></span> <span class='ocrx_word' id='word_1_93' title='bbox 238 1490 298 1554; x_wconf 88' lang='lat' dir='ltr'><strong>sed</strong></span> <span class='ocrx_word' id='word_1_94' title='bbox 309 1490 639 1574; x_wconf 88' lang='lat' dir='ltr'><strong>rependipntemus:</strong></span> <span class='ocrx_word' id='word_1_95' title='bbox 663 1493 830 1558; x_wconf 85' lang='lat' dir='ltr'><strong>enimvero</strong></span> <span class='ocrx_word' id='word_1_96' title='bbox 846 1508 923 1557; x_wconf 88' lang='lat' dir='ltr'><strong>enm</strong></span> <span class='ocrx_word' id='word_1_97' title='bbox 936 1492 1054 1558; x_wconf 86' lang='lat' dir='ltr'><strong>leviter</strong></span> <span class='ocrx_word' id='word_1_98' title='bbox 1070 1493 1234 1576; x_wconf 80' lang='lat' dir='ltr'><strong>cognitos,</strong></span> 
     </span>
     <span class='ocr_line' id='line_1_13' title="bbox 138 1593 1235 1679; baseline 0.005 -22"><span class='ocrx_word' id='word_1_99' title='bbox 138 1601 198 1659; x_wconf 86' lang='lat' dir='ltr'><strong>eut</strong></span> <span class='ocrx_word' id='word_1_100' title='bbox 218 1594 318 1658; x_wconf 81' lang='lat' dir='ltr'><strong>etiem</strong></span> <span class='ocrx_word' id='word_1_101' title='bbox 336 1595 436 1659; x_wconf 87' lang='lat' dir='ltr'><strong>semel</strong></span> <span class='ocrx_word' id='word_1_102' title='bbox 456 1595 562 1673; x_wconf 87' lang='lat' dir='ltr'><strong>visos,</strong></span> <span class='ocrx_word' id='word_1_103' title='bbox 578 1595 621 1659; x_wconf 85' lang='lat' dir='ltr'><strong>iis</strong></span> <span class='ocrx_word' id='word_1_104' title='bbox 639 1593 822 1660; x_wconf 86' lang='lat' dir='ltr'><strong>bonoribus</strong></span> <span class='ocrx_word' id='word_1_105' title='bbox 839 1596 939 1660; x_wconf 88' lang='lat' dir='ltr'><strong>simul</strong></span> <span class='ocrx_word' id='word_1_106' title='bbox 950 1595 1050 1678; x_wconf 79' lang='lat' dir='ltr'><strong>dites,</strong></span> <span class='ocrx_word' id='word_1_107' title='bbox 1067 1595 1188 1679; x_wconf 89' lang='lat' dir='ltr'><strong>quibus</strong></span> <span class='ocrx_word' id='word_1_108' title='bbox 1200 1601 1235 1662; x_wconf 92' lang='lat' dir='ltr'><strong>et</strong></span> 
     </span>
     <span class='ocr_line' id='line_1_14' title="bbox 137 1695 1234 1783; baseline 0.003 -23"><span class='ocrx_word' id='word_1_109' title='bbox 137 1695 241 1761; x_wconf 74' lang='lat' dir='ltr'><strong>amici</strong></span> <span class='ocrx_word' id='word_1_110' title='bbox 261 1705 403 1780; x_wconf 84' lang='lat' dir='ltr'><strong>possent</strong></span> <span class='ocrx_word' id='word_1_111' title='bbox 417 1717 491 1761; x_wconf 88' lang='lat' dir='ltr'><strong>esse</strong></span> <span class='ocrx_word' id='word_1_112' title='bbox 513 1699 681 1777; x_wconf 79' lang='lat' dir='ltr'><strong>contenti3</strong></span> <span class='ocrx_word' id='word_1_113' title='bbox 701 1717 815 1766; x_wconf 90' lang='lat' dir='ltr'><strong>nonne</strong></span> <span class='ocrx_word' id='word_1_114' title='bbox 839 1699 997 1762; x_wconf 88' lang='lat' dir='ltr'><strong>omnibus</strong></span> <span class='ocrx_word' id='word_1_115' title='bbox 1021 1699 1072 1764; x_wconf 85' lang='lat' dir='ltr'><strong>vis</strong></span> <span class='ocrx_word' id='word_1_116' title='bbox 1093 1700 1234 1783; x_wconf 80' lang='lat' dir='ltr'><strong>prebere</strong></span> 
     </span>
     <span class='ocr_line' id='line_1_15' title="bbox 136 1798 1233 1892; baseline 0.002 -29"><span class='ocrx_word' id='word_1_117' title='bbox 136 1798 283 1864; x_wconf 80' lang='lat' dir='ltr'><strong>amioum</strong></span> <span class='ocrx_word' id='word_1_118' title='bbox 298 1801 360 1865; x_wconf 86' lang='lat' dir='ltr'><strong>tibi</strong></span> <span class='ocrx_word' id='word_1_119' title='bbox 374 1819 463 1877; x_wconf 88' lang='lat' dir='ltr'><strong>esse,</strong></span> <span class='ocrx_word' id='word_1_120' title='bbox 479 1799 538 1883; x_wconf 92' lang='lat' dir='ltr'><strong>qui</strong></span> <span class='ocrx_word' id='word_1_121' title='bbox 553 1800 663 1865; x_wconf 87' lang='lat' dir='ltr'><strong>bonus</strong></span> <span class='ocrx_word' id='word_1_122' title='bbox 677 1801 749 1866; x_wconf 84' lang='lat' dir='ltr'><strong>sitl</strong></span> <span class='ocrx_word' id='word_1_123' title='bbox 781 1803 814 1865; x_wconf 79' lang='lat' dir='ltr'><strong>b.</strong></span> <span class='ocrx_word' id='word_1_124' title='bbox 836 1800 1139 1885; x_wconf 84' lang='lat' dir='ltr'><strong>Cuicumqueqnid</strong></span> <span class='ocrx_word' id='word_1_125' title='bbox 1149 1805 1233 1892; x_wconf 88' lang='lat' dir='ltr'><strong>pub·</strong></span> 
     </span>
     <span class='ocr_line' id='line_1_16' title="bbox 135 1902 1231 1989; baseline 0.005 -22"><span class='ocrx_word' id='word_1_126' title='bbox 135 1902 202 1967; x_wconf 86' lang='lat' dir='ltr'><strong>liei.</strong></span> <span class='ocrx_word' id='word_1_127' title='bbox 210 1904 405 1968; x_wconf 85' lang='lat' dir='ltr'><strong>mundatum</strong></span> <span class='ocrx_word' id='word_1_128' title='bbox 416 1903 516 1968; x_wconf 87' lang='lat' dir='ltr'><strong>fuerit</strong></span> <span class='ocrx_word' id='word_1_129' title='bbox 525 1902 638 1981; x_wconf 87' lang='lat' dir='ltr'><strong>officii,</strong></span> <span class='ocrx_word' id='word_1_130' title='bbox 651 1904 823 1988; x_wconf 80' lang='lat' dir='ltr'><strong>praemium</strong></span> <span class='ocrx_word' id='word_1_131' title='bbox 832 1905 1024 1989; x_wconf 86' lang='lat' dir='ltr'><strong>spondetur,</strong></span> <span class='ocrx_word' id='word_1_132' title='bbox 1035 1910 1068 1969; x_wconf 89' lang='lat' dir='ltr'><strong>et</strong></span> <span class='ocrx_word' id='word_1_133' title='bbox 1077 1905 1231 1972; x_wconf 84' lang='lat' dir='ltr'><strong>redditur.</strong></span> 
     </span>
     <span class='ocr_line' id='line_1_17' title="bbox 135 2005 1230 2093; baseline 0.003 -24"><span class='ocrx_word' id='word_1_134' title='bbox 135 2005 210 2069; x_wconf 90' lang='lat' dir='ltr'><strong>Sibi</strong></span> <span class='ocrx_word' id='word_1_135' title='bbox 233 2007 454 2071; x_wconf 88' lang='lat' dir='ltr'><strong>humilitatem</strong></span> <span class='ocrx_word' id='word_1_136' title='bbox 477 2012 511 2071; x_wconf 92' lang='lat' dir='ltr'><strong>et</strong></span> <span class='ocrx_word' id='word_1_137' title='bbox 530 2007 683 2071; x_wconf 82' lang='lat' dir='ltr'><strong>tenebras</strong></span> <span class='ocrx_word' id='word_1_138' title='bbox 706 2027 784 2072; x_wconf 85' lang='lat' dir='ltr'><strong>sues</strong></span> <span class='ocrx_word' id='word_1_139' title='bbox 807 2009 948 2093; x_wconf 87' lang='lat' dir='ltr'><strong>imputet</strong></span> <span class='ocrx_word' id='word_1_140' title='bbox 970 2006 1090 2091; x_wconf 87' lang='lat' dir='ltr'><strong>jacens</strong></span> <span class='ocrx_word' id='word_1_141' title='bbox 1112 2008 1230 2087; x_wconf 87' lang='lat' dir='ltr'><strong>virtus,</strong></span> 
     </span>
     <span class='ocr_line' id='line_1_18' title="bbox 135 2105 1231 2196; baseline 0.003 -23"><span class='ocrx_word' id='word_1_142' title='bbox 135 2121 213 2191; x_wconf 86' lang='lat' dir='ltr'><strong>quae</strong></span> <span class='ocrx_word' id='word_1_143' title='bbox 240 2124 307 2173; x_wconf 88' lang='lat' dir='ltr'><strong>non</strong></span> <span class='ocrx_word' id='word_1_144' title='bbox 336 2107 459 2174; x_wconf 87' lang='lat' dir='ltr'><strong>obtulit</strong></span> <span class='ocrx_word' id='word_1_145' title='bbox 487 2125 525 2173; x_wconf 87' lang='lat' dir='ltr'><strong>se</strong></span> <span class='ocrx_word' id='word_1_146' title='bbox 548 2107 774 2192; x_wconf 72' lang='lat' dir='ltr'><strong>probandamt</strong></span> <span class='ocrx_word' id='word_1_147' title='bbox 798 2111 886 2196; x_wconf 89' lang='lat' dir='ltr'><strong>quod</strong></span> <span class='ocrx_word' id='word_1_148' title='bbox 906 2105 1122 2176; x_wconf 83' lang='lat' dir='ltr'><strong>eonscientiae</strong></span> <span class='ocrx_word' id='word_1_149' title='bbox 1140 2107 1231 2176; x_wconf 83' lang='lat' dir='ltr'><strong>tuaed</strong></span> 
     </span>
     <span class='ocr_line' id='line_1_19' title="bbox 133 2192 1226 2295; baseline 0.003 -22"><span class='ocrx_word' id='word_1_150' title='bbox 133 2210 267 2290; x_wconf 86' lang='lat' dir='ltr'><strong>sufficit,</strong></span> <span class='ocrx_word' id='word_1_151' title='bbox 281 2208 461 2277; x_wconf 80' lang='lat' dir='ltr'><strong>bonerntus</strong></span> <span class='ocrx_word' id='word_1_152' title='bbox 477 2218 532 2275; x_wconf 89' lang='lat' dir='ltr'><strong>est</strong></span> <span class='ocrx_word' id='word_1_153' title='bbox 550 2212 610 2294; x_wconf 90' lang='lat' dir='ltr'><strong>qui</strong></span> <span class='ocrx_word' id='word_1_154' title='bbox 625 2212 800 2295; x_wconf 76' lang='lat' dir='ltr'><strong>probatus·</strong></span> <span class='ocrx_word' id='word_1_155' title='bbox 1190 2219 1192 2221; x_wconf 77' lang='grc'><strong><em>’</em></strong></span> <span class='ocrx_word' id='word_1_156' title='bbox 1220 2192 1226 2210; x_wconf 71' lang='grc'><strong><em>’</em></strong></span> 
     </span>
    </p>

    <p class='ocr_par' dir='ltr' id='par_1_5' title="bbox 132 2313 1231 2604">
     <span class='ocr_line' id='line_1_20' title="bbox 179 2313 1231 2397; baseline 0.003 -18"><span class='ocrx_word' id='word_1_157' title='bbox 179 2313 269 2379; x_wconf 71' lang='lat' dir='ltr'><strong>Cer.</strong></span> <span class='ocrx_word' id='word_1_158' title='bbox 288 2330 403 2379; x_wconf 83' lang='lat' dir='ltr'><strong>xvrrr.</strong></span> <span class='ocrx_word' id='word_1_159' title='bbox 439 2314 472 2381; x_wconf 92' lang='lat'><strong>1.</strong></span> <span class='ocrx_word' id='word_1_160' title='bbox 494 2313 605 2380; x_wconf 89' lang='lat' dir='ltr'><strong>Velim</strong></span> <span class='ocrx_word' id='word_1_161' title='bbox 630 2321 742 2380; x_wconf 84' lang='lat' dir='ltr'><strong>temen</strong></span> <span class='ocrx_word' id='word_1_162' title='bbox 765 2316 872 2395; x_wconf 85' lang='lat' dir='ltr'><strong>dices,</strong></span> <span class='ocrx_word' id='word_1_163' title='bbox 894 2316 991 2397; x_wconf 90' lang='lat' dir='ltr'><strong>unde,</strong></span> <span class='ocrx_word' id='word_1_164' title='bbox 1008 2336 1085 2382; x_wconf 88' lang='lat' dir='ltr'><strong>enm</strong></span> <span class='ocrx_word' id='word_1_165' title='bbox 1106 2318 1231 2383; x_wconf 86' lang='lat' dir='ltr'><strong>tantis·</strong></span> 
     </span>
     <span class='ocr_line' id='line_1_21' title="bbox 132 2415 1230 2505; baseline 0.006 -24"><span class='ocrx_word' id='word_1_166' title='bbox 132 2415 303 2499; x_wconf 82' lang='lat' dir='ltr'><strong>promissa</strong></span> <span class='ocrx_word' id='word_1_167' title='bbox 317 2415 506 2502; x_wconf 83' lang='lat' dir='ltr'><strong>persolves,</strong></span> <span class='ocrx_word' id='word_1_168' title='bbox 524 2417 606 2502; x_wconf 88' lang='lat' dir='ltr'><strong>quid</strong></span> <span class='ocrx_word' id='word_1_169' title='bbox 626 2421 682 2485; x_wconf 91' lang='lat' dir='ltr'><strong>cui</strong></span> <span class='ocrx_word' id='word_1_170' title='bbox 701 2421 908 2505; x_wconf 74' lang='lat' dir='ltr'><strong>promiseris,</strong></span> <span class='ocrx_word' id='word_1_171' title='bbox 929 2420 1030 2495; x_wconf 83' lang='lat' dir='ltr'><strong>scies,</strong></span> <span class='ocrx_word' id='word_1_172' title='bbox 1045 2438 1110 2486; x_wconf 86' lang='lat' dir='ltr'><strong>nee</strong></span> <span class='ocrx_word' id='word_1_173' title='bbox 1124 2425 1159 2486; x_wconf 85' lang='lat' dir='ltr'><strong>te</strong></span> <span class='ocrx_word' id='word_1_174' title='bbox 1174 2421 1230 2488; x_wconf 84' lang='lat' dir='ltr'><strong>vel</strong></span> 
     </span>
     <span class='ocr_line' id='line_1_22' title="bbox 132 2517 1230 2604; baseline 0.005 -20"><span class='ocrx_word' id='word_1_175' title='bbox 132 2519 448 2603; x_wconf 75' lang='lat' dir='ltr'><strong>mipubiieaeeure,</strong></span> <span class='ocrx_word' id='word_1_176' title='bbox 470 2521 525 2586; x_wconf 85' lang='lat' dir='ltr'><strong>vel</strong></span> <span class='ocrx_word' id='word_1_177' title='bbox 547 2522 625 2604; x_wconf 87' lang='lat' dir='ltr'><strong>ipse</strong></span> <span class='ocrx_word' id='word_1_178' title='bbox 647 2523 707 2587; x_wconf 84' lang='lat' dir='ltr'><strong>illu</strong></span> <span class='ocrx_word' id='word_1_179' title='bbox 728 2528 858 2588; x_wconf 88' lang='lat' dir='ltr'><strong>tuorum</strong></span> <span class='ocrx_word' id='word_1_180' title='bbox 876 2517 1112 2588; x_wconf 79' lang='lat' dir='ltr'><strong>beneficiorum</strong></span> <span class='ocrx_word' id='word_1_181' title='bbox 1132 2524 1230 2590; x_wconf 83' lang='lat' dir='ltr'><strong>turbe</strong></span> 
     </span>
    </p>
   </div>
   <div class='ocr_carea' id='block_1_5' title="bbox 163 2669 748 2868">
    <p class='ocr_par' dir='ltr' id='par_1_6' title="bbox 163 2669 748 2868">
     <span class='ocr_line' id='line_1_23' title="bbox 165 2669 673 2736; baseline 0.004 -17"><span class='ocrx_word' id='word_1_182' title='bbox 165 2678 180 2703; x_wconf 80' lang='lat'><strong>⁸¹</strong></span> <span class='ocrx_word' id='word_1_183' title='bbox 202 2669 320 2720; x_wconf 78' lang='lat' dir='ltr'><strong>Vetustati</strong></span> <span class='ocrx_word' id='word_1_184' title='bbox 330 2671 413 2721; x_wconf 83' lang='lat' dir='ltr'><strong>debent</strong></span> <span class='ocrx_word' id='word_1_185' title='bbox 424 2670 673 2736; x_wconf 74' lang='lat' dir='ltr'><strong>quedfidemfaer&#39;nrrl.</strong></span> 
     </span>
     <span class='ocr_line' id='line_1_24' title="bbox 164 2735 748 2801; baseline 0.01 -17"><span class='ocrx_word' id='word_1_186' title='bbox 164 2741 176 2768; x_wconf 83' lang='lat'><em>⁰</em></span> <span class='ocrx_word' id='word_1_187' title='bbox 195 2735 230 2785; x_wconf 85' lang='lat' dir='ltr'><strong>Ut</strong></span> <span class='ocrx_word' id='word_1_188' title='bbox 239 2737 347 2786; x_wconf 68' lang='lat' dir='ltr'><strong>mulne</strong></span> <span class='ocrx_word' id='word_1_189' title='bbox 354 2737 441 2801; x_wconf 80' lang='lat' dir='ltr'><strong>pudori</strong></span> <span class='ocrx_word' id='word_1_190' title='bbox 451 2751 531 2786; x_wconf 76' lang='grc' dir='ltr'>σοπιιιι</span> <span class='ocrx_word' id='word_1_191' title='bbox 541 2752 599 2800; x_wconf 80' lang='lat' dir='ltr'><strong>quos</strong></span> <span class='ocrx_word' id='word_1_192' title='bbox 608 2737 748 2800; x_wconf 71' lang='lat' dir='ltr'><strong>obstringis.</strong></span> 
     </span>
     <span class='ocr_line' id='line_1_25' title="bbox 163 2797 664 2868; baseline -0.002 -17"><span class='ocrx_word' id='word_1_193' title='bbox 163 2807 180 2842; x_wconf 73' lang='lat' dir='ltr'><em>P</em></span> <span class='ocrx_word' id='word_1_194' title='bbox 195 2798 231 2851; x_wconf 81' lang='lat' dir='ltr'><strong>Et</strong></span> <span class='ocrx_word' id='word_1_195' title='bbox 241 2809 382 2852; x_wconf 76' lang='lat' dir='ltr'><strong>summotus</strong></span> <span class='ocrx_word' id='word_1_196' title='bbox 394 2797 504 2868; x_wconf 65' lang='lat' dir='ltr'><strong>beneflcio</strong></span> <span class='ocrx_word' id='word_1_197' title='bbox 514 2817 545 2852; x_wconf 73' lang='lat' dir='ltr'><strong>en</strong></span> <span class='ocrx_word' id='word_1_198' title='bbox 555 2802 664 2852; x_wconf 78' lang='lat' dir='ltr'><strong>arbitrio.</strong></span> 
     </span>
    </p>
   </div>
   <div class='ocr_carea' id='block_1_6' title="bbox 582 2929 766 2952">
    <p class='ocr_par' dir='ltr' id='par_1_7' title="bbox 582 2929 766 2952">
     <span class='ocr_line' id='line_1_26' title="bbox 582 2929 766 2952; baseline 0.005 -1"><span class='ocrx_word' id='word_1_199' title='bbox 582 2929 766 2952; x_wconf 57' lang='lat' dir='ltr'><strong>mum</strong></span> 
     </span>
    </p>
   </div>
   <div class='ocr_carea' id='block_1_7' title="bbox 131 3007 1313 3078">
    <p class='ocr_par' dir='ltr' id='par_1_8' title="bbox 131 3007 1313 3078">
     <span class='ocr_line' id='line_1_27' title="bbox 131 3007 1313 3078; baseline 0.001 -16"><span class='ocrx_word' id='word_1_200' title='bbox 131 3024 190 3062; x_wconf 78' lang='lat' dir='ltr'><strong>num</strong></span> <span class='ocrx_word' id='word_1_201' title='bbox 198 3023 223 3076; x_wconf 90' lang='lat' dir='ltr'><strong>p.</strong></span> <span class='ocrx_word' id='word_1_202' title='bbox 232 3011 371 3063; x_wconf 82' lang='lat' dir='ltr'><strong>eredendum</strong></span> <span class='ocrx_word' id='word_1_203' title='bbox 382 3007 443 3064; x_wconf 84' lang='lat' dir='ltr'><strong>edd.</strong></span> <span class='ocrx_word' id='word_1_204' title='bbox 454 3017 519 3063; x_wconf 78' lang='lat' dir='ltr'><strong>vett.</strong></span> <span class='ocrx_word' id='word_1_205' title='bbox 529 3024 586 3064; x_wconf 78' lang='lat' dir='ltr'><strong>rum</strong></span> <span class='ocrx_word' id='word_1_206' title='bbox 594 3025 620 3078; x_wconf 81' lang='lat' dir='ltr'><strong>p.</strong></span> <span class='ocrx_word' id='word_1_207' title='bbox 630 3017 744 3066; x_wconf 85' lang='lat' dir='ltr'><strong>eredendo</strong></span> <span class='ocrx_word' id='word_1_208' title='bbox 754 3013 815 3065; x_wconf 86' lang='lat' dir='ltr'><strong>Vet·</strong></span> <span class='ocrx_word' id='word_1_209' title='bbox 826 3015 939 3065; x_wconf 87' lang='lat' dir='ltr'><strong>Pnteen.</strong></span> <span class='ocrx_word' id='word_1_210' title='bbox 948 3014 1024 3064; x_wconf 69' lang='lat' dir='ltr'><strong>dreit</strong></span> <span class='ocrx_word' id='word_1_211' title='bbox 1034 3015 1164 3078; x_wconf 74' lang='lat' dir='ltr'><strong>exemplum</strong></span> <span class='ocrx_word' id='word_1_212' title='bbox 1174 3014 1231 3065; x_wconf 81' lang='lat' dir='ltr'><strong>eod.</strong></span> <span class='ocrx_word' id='word_1_213' title='bbox 1312 3067 1313 3070; x_wconf 50' lang='lat'><strong>,</strong></span> 
     </span>
    </p>
   </div>
   <div class='ocr_carea' id='block_1_8' title="bbox 131 3076 1232 3272">
    <p class='ocr_par' dir='ltr' id='par_1_9' title="bbox 131 3076 1232 3272">
     <span class='ocr_line' id='line_1_28' title="bbox 131 3076 1232 3142; baseline 0.003 -14"><span class='ocrx_word' id='word_1_214' title='bbox 131 3076 275 3128; x_wconf 45' lang='lat' dir='ltr'><strong>sciretis-e</strong></span> <span class='ocrx_word' id='word_1_215' title='bbox 292 3080 300 3107; x_wconf 89' lang='lat'>‘</span> <span class='ocrx_word' id='word_1_216' title='bbox 312 3079 376 3141; x_wconf 69' lang='lat' dir='ltr'><strong>Lep.</strong></span> <span class='ocrx_word' id='word_1_217' title='bbox 390 3079 423 3127; x_wconf 79' lang='lat' dir='ltr'><strong>Et</strong></span> <span class='ocrx_word' id='word_1_218' title='bbox 434 3085 461 3128; x_wconf 85' lang='lat' dir='ltr'><strong>tu</strong></span> <span class='ocrx_word' id='word_1_219' title='bbox 472 3080 583 3142; x_wconf 66' lang='lat' dir='ltr'><strong>quidem</strong></span> <span class='ocrx_word' id='word_1_220' title='bbox 600 3081 752 3130; x_wconf 79' lang='lat' dir='ltr'><strong>inconcinne</strong></span> <span class='ocrx_word' id='word_1_221' title='bbox 762 3082 828 3130; x_wconf 86' lang='lat' dir='ltr'><strong>eninr</strong></span> <span class='ocrx_word' id='word_1_222' title='bbox 839 3089 880 3131; x_wconf 89' lang='lat' dir='ltr'><strong>ter</strong></span> <span class='ocrx_word' id='word_1_223' title='bbox 887 3095 914 3130; x_wconf 82' lang='grc' dir='ltr'><strong>ιι</strong></span> <span class='ocrx_word' id='word_1_224' title='bbox 924 3088 1095 3142; x_wconf 75' lang='lat' dir='ltr'><strong>consequetur</strong></span> <span class='ocrx_word' id='word_1_225' title='bbox 1104 3082 1232 3139; x_wconf 75' lang='lat' dir='ltr'><strong>periieule</strong></span> 
     </span>
     <span class='ocr_line' id='line_1_29' title="bbox 131 3142 1228 3208; baseline 0.007 -16"><span class='ocrx_word' id='word_1_226' title='bbox 131 3142 192 3192; x_wconf 67' lang='lat' dir='ltr'><strong>red!</strong></span> <span class='ocrx_word' id='word_1_227' title='bbox 210 3142 363 3196; x_wconf 68' lang='lat' dir='ltr'><strong>deidei-4</strong></span> <span class='ocrx_word' id='word_1_228' title='bbox 380 3142 494 3206; x_wconf 81' lang='lat' dir='ltr'><strong>Guelpb.</strong></span> <span class='ocrx_word' id='word_1_229' title='bbox 505 3145 554 3193; x_wconf 81' lang='lat' dir='ltr'><strong>tute</strong></span> <span class='ocrx_word' id='word_1_230' title='bbox 571 3145 666 3195; x_wconf 78' lang='lat' dir='ltr'><strong>tribule.</strong></span> <span class='ocrx_word' id='word_1_231' title='bbox 699 3148 775 3208; x_wconf 80' lang='lat' dir='ltr'><strong>Mox,</strong></span> <span class='ocrx_word' id='word_1_232' title='bbox 792 3148 862 3196; x_wconf 78' lang='lat' dir='ltr'><strong>etmel</strong></span> <span class='ocrx_word' id='word_1_233' title='bbox 875 3153 936 3197; x_wconf 81' lang='lat' dir='ltr'><strong>rute</strong></span> <span class='ocrx_word' id='word_1_234' title='bbox 953 3146 1019 3196; x_wconf 81' lang='lat' dir='ltr'><strong>diter</strong></span> <span class='ocrx_word' id='word_1_235' title='bbox 1035 3145 1109 3196; x_wconf 77' lang='lat' dir='ltr'><strong>doen</strong></span> <span class='ocrx_word' id='word_1_236' title='bbox 1125 3147 1150 3196; x_wconf 88' lang='lat' dir='ltr'><strong>in</strong></span> <span class='ocrx_word' id='word_1_237' title='bbox 1167 3147 1228 3201; x_wconf 77' lang='lat' dir='ltr'><strong>Ver.</strong></span> 
     </span>
     <span class='ocr_line' id='line_1_30' title="bbox 132 3208 698 3272; baseline -0.002 -12"><span class='ocrx_word' id='word_1_238' title='bbox 132 3209 247 3260; x_wconf 79' lang='lat' dir='ltr'><strong>Peteon.</strong></span> <span class='ocrx_word' id='word_1_239' title='bbox 264 3209 335 3259; x_wconf 77' lang='lat' dir='ltr'><strong>emisi</strong></span> <span class='ocrx_word' id='word_1_240' title='bbox 345 3208 487 3259; x_wconf 81' lang='lat' dir='ltr'><strong>debentem</strong></span> <span class='ocrx_word' id='word_1_241' title='bbox 497 3211 566 3272; x_wconf 78' lang='lat' dir='ltr'><strong>conj.</strong></span> <span class='ocrx_word' id='word_1_242' title='bbox 577 3211 698 3261; x_wconf 83' lang='lat' dir='ltr'><strong>Beldnin.</strong></span> 
     </span>
    </p>
   </div>
   <div class='ocr_carea' id='block_1_9' title="bbox 165 3256 1230 3356">
    <p class='ocr_par' dir='ltr' id='par_1_10' title="bbox 165 3256 1230 3356">
     <span class='ocr_line' id='line_1_31' title="bbox 165 3256 1230 3356; baseline 0.004 -32"><span class='ocrx_word' id='word_1_243' title='bbox 165 3273 233 3324; x_wconf 75' lang='lat' dir='ltr'><strong>Cre.</strong></span> <span class='ocrx_word' id='word_1_244' title='bbox 248 3288 332 3325; x_wconf 84' lang='lat' dir='ltr'><strong>xvrrr.</strong></span> <span class='ocrx_word' id='word_1_245' title='bbox 365 3280 378 3324; x_wconf 89' lang='lat' dir='ltr'><strong>l</strong></span> <span class='ocrx_word' id='word_1_246' title='bbox 402 3274 477 3326; x_wconf 83' lang='lat' dir='ltr'><strong>Velim</strong></span> <span class='ocrx_word' id='word_1_247' title='bbox 488 3280 515 3325; x_wconf 76' lang='lat' dir='ltr'><strong>tu</strong></span> <span class='ocrx_word' id='word_1_248' title='bbox 524 3275 563 3325; x_wconf 85' lang='lat' dir='ltr'><strong>dte</strong></span> <span class='ocrx_word' id='word_1_249' title='bbox 573 3277 633 3325; x_wconf 84' lang='lat' dir='ltr'><strong>edd.</strong></span> <span class='ocrx_word' id='word_1_250' title='bbox 643 3283 708 3356; x_wconf 68' lang='lat' dir='ltr'><strong>sert.</strong></span> <span class='ocrx_word' id='word_1_251' title='bbox 724 3282 774 3327; x_wconf 80' lang='lat' dir='ltr'><strong>tun</strong></span> <span class='ocrx_word' id='word_1_252' title='bbox 785 3276 867 3351; x_wconf 8' lang='lat' dir='ltr'><strong>distel.</strong></span> <span class='ocrx_word' id='word_1_253' title='bbox 878 3279 913 3338; x_wconf 77' lang='lat' dir='ltr'><strong>tri,</strong></span> <span class='ocrx_word' id='word_1_254' title='bbox 924 3276 942 3326; x_wconf 92' lang='lat' dir='ltr'><strong>i.</strong></span> <span class='ocrx_word' id='word_1_255' title='bbox 953 3290 976 3328; x_wconf 90' lang='lat' dir='ltr'><strong>e.</strong></span> <span class='ocrx_word' id='word_1_256' title='bbox 987 3281 1075 3342; x_wconf 78' lang='lat' dir='ltr'><strong>tumere,</strong></span> <span class='ocrx_word' id='word_1_257' title='bbox 1088 3276 1156 3343; x_wconf 83' lang='lat' dir='ltr'><strong>conj.</strong></span> <span class='ocrx_word' id='word_1_258' title='bbox 1168 3256 1230 3356; x_wconf 82' lang='lat' dir='ltr'><strong>Ael-</strong></span> 
     </span>
    </p>
   </div>
   <div class='ocr_carea' id='block_1_10' title="bbox 624 3419 731 3471">
    <p class='ocr_par' dir='ltr' id='par_1_11' title="bbox 624 3419 731 3471">
     <span class='ocr_line' id='line_1_32' title="bbox 624 3419 731 3471; baseline 0 -1"><span class='ocrx_word' id='word_1_259' title='bbox 624 3419 731 3471; x_wconf 74' lang='lat' dir='ltr'><strong>Norffl</strong></span> 
     </span>
    </p>
   </div>
   <div class='ocr_carea' id='block_1_11' title="bbox 126 3505 1229 4278">
    <p class='ocr_par' dir='ltr' id='par_1_12' title="bbox 127 3505 1229 4123">
     <span class='ocr_line' id='line_1_33' title="bbox 162 3505 1229 3584; baseline -0.001 -15"><span class='ocrx_word' id='word_1_260' title='bbox 162 3520 336 3584; x_wconf 64' lang='lat' dir='ltr'><strong>besuensem]</strong></span> <span class='ocrx_word' id='word_1_261' title='bbox 355 3523 442 3571; x_wconf 79' lang='lat' dir='ltr'><strong>Cerea</strong></span> <span class='ocrx_word' id='word_1_262' title='bbox 459 3520 563 3583; x_wconf 83' lang='lat' dir='ltr'><strong>proprie</strong></span> <span class='ocrx_word' id='word_1_263' title='bbox 580 3527 621 3570; x_wconf 87' lang='lat' dir='ltr'><strong>ert</strong></span> <span class='ocrx_word' id='word_1_264' title='bbox 633 3505 659 3569; x_wconf 76' lang='lat' dir='ltr'><strong>e·</strong></span> <span class='ocrx_word' id='word_1_265' title='bbox 699 3532 760 3569; x_wconf 88' lang='lat' dir='ltr'><strong>num</strong></span> <span class='ocrx_word' id='word_1_266' title='bbox 780 3519 848 3569; x_wconf 86' lang='lat' dir='ltr'><strong>enirn</strong></span> <span class='ocrx_word' id='word_1_267' title='bbox 870 3517 992 3580; x_wconf 70' lang='lat' dir='ltr'><strong>quiddam</strong></span> <span class='ocrx_word' id='word_1_268' title='bbox 1008 3517 1087 3580; x_wconf 85' lang='lat' dir='ltr'><strong>hebet</strong></span> <span class='ocrx_word' id='word_1_269' title='bbox 1104 3518 1229 3584; x_wconf 79' lang='lat' dir='ltr'><strong>repetitio</strong></span> 
     </span>
     <span class='ocr_line' id='line_1_34' title="bbox 128 3596 1221 3662; baseline -0.001 -15"><span class='ocrx_word' id='word_1_270' title='bbox 128 3610 177 3647; x_wconf 77' lang='lat' dir='ltr'><strong>reu</strong></span> <span class='ocrx_word' id='word_1_271' title='bbox 186 3596 212 3646; x_wconf 88' lang='lat' dir='ltr'><strong>itr</strong></span> <span class='ocrx_word' id='word_1_272' title='bbox 225 3598 310 3647; x_wconf 86' lang='lat' dir='ltr'><strong>inedie</strong></span> <span class='ocrx_word' id='word_1_273' title='bbox 321 3598 433 3660; x_wconf 75' lang='lat' dir='ltr'><strong>theatro,</strong></span> <span class='ocrx_word' id='word_1_274' title='bbox 444 3599 470 3646; x_wconf 90' lang='lat' dir='ltr'><strong>ln</strong></span> <span class='ocrx_word' id='word_1_275' title='bbox 480 3610 530 3662; x_wconf 83' lang='lat' dir='ltr'><strong>qun</strong></span> <span class='ocrx_word' id='word_1_276' title='bbox 544 3597 658 3662; x_wconf 83' lang='lat' dir='ltr'><strong>equitnm</strong></span> <span class='ocrx_word' id='word_1_277' title='bbox 699 3597 832 3661; x_wconf 77' lang='lat' dir='ltr'><strong>parrieuiae</strong></span> <span class='ocrx_word' id='word_1_278' title='bbox 843 3598 893 3646; x_wconf 82' lang='lat' dir='ltr'><strong>red.</strong></span> <span class='ocrx_word' id='word_1_279' title='bbox 1216 3642 1221 3661; x_wconf 81' lang='lat'><strong>,</strong></span> 
     </span>
     <span class='ocr_line' id='line_1_35' title="bbox 128 3671 1228 3736; baseline -0.005 -12"><span class='ocrx_word' id='word_1_280' title='bbox 128 3674 250 3724; x_wconf 75' lang='lat' dir='ltr'><strong>subsellis</strong></span> <span class='ocrx_word' id='word_1_281' title='bbox 271 3676 415 3724; x_wconf 82' lang='lat' dir='ltr'><strong>constitute</strong></span> <span class='ocrx_word' id='word_1_282' title='bbox 435 3688 492 3723; x_wconf 83' lang='lat' dir='ltr'><strong>esre</strong></span> <span class='ocrx_word' id='word_1_283' title='bbox 517 3689 659 3724; x_wconf 78' lang='lat' dir='ltr'><strong>conruere·</strong></span> <span class='ocrx_word' id='word_1_284' title='bbox 731 3673 744 3710; x_wconf 55' lang='grc' dir='ltr'>ἒ</span> <span class='ocrx_word' id='word_1_285' title='bbox 761 3675 831 3733; x_wconf 80' lang='lat' dir='ltr'><strong>Quod</strong></span> <span class='ocrx_word' id='word_1_286' title='bbox 849 3672 997 3732; x_wconf 72' lang='lat' dir='ltr'><strong>eemeiertiae</strong></span> <span class='ocrx_word' id='word_1_287' title='bbox 1013 3672 1074 3736; x_wconf 76' lang='lat' dir='ltr'><strong>tue]</strong></span> <span class='ocrx_word' id='word_1_288' title='bbox 1099 3671 1228 3734; x_wconf 79' lang='lat' dir='ltr'><strong>Respexit</strong></span> 
     </span>
     <span class='ocr_line' id='line_1_36' title="bbox 128 3749 1229 3816; baseline -0.003 -15"><span class='ocrx_word' id='word_1_289' title='bbox 128 3758 199 3808; x_wconf 75' lang='lat' dir='ltr'><strong>runt,</strong></span> <span class='ocrx_word' id='word_1_290' title='bbox 216 3751 285 3816; x_wconf 82' lang='lat' dir='ltr'><strong>qued</strong></span> <span class='ocrx_word' id='word_1_291' title='bbox 303 3755 367 3802; x_wconf 81' lang='lat' dir='ltr'><strong>reiis</strong></span> <span class='ocrx_word' id='word_1_292' title='bbox 384 3759 454 3802; x_wconf 82' lang='lat' dir='ltr'><strong>tecte</strong></span> <span class='ocrx_word' id='word_1_293' title='bbox 470 3763 556 3801; x_wconf 73' lang='lat' dir='ltr'><strong>ceres</strong></span> <span class='ocrx_word' id='word_1_294' title='bbox 570 3752 657 3801; x_wconf 87' lang='lat' dir='ltr'><strong>rinrill·</strong></span> <span class='ocrx_word' id='word_1_295' title='bbox 698 3752 731 3803; x_wconf 87' lang='lat' dir='ltr'><strong>ed</strong></span> <span class='ocrx_word' id='word_1_296' title='bbox 751 3751 850 3816; x_wconf 69' lang='lat' dir='ltr'><strong>Peneg.</strong></span> <span class='ocrx_word' id='word_1_297' title='bbox 873 3765 935 3803; x_wconf 88' lang='lat' dir='ltr'><strong>vrn.</strong></span> <span class='ocrx_word' id='word_1_298' title='bbox 956 3755 999 3801; x_wconf 75' lang='lat'><strong>2⁰.</strong></span> <span class='ocrx_word' id='word_1_299' title='bbox 1020 3749 1093 3800; x_wconf 72' lang='lat' dir='ltr'><strong>‘sibi</strong></span> <span class='ocrx_word' id='word_1_300' title='bbox 1113 3749 1229 3811; x_wconf 82' lang='lat' dir='ltr'><strong>imputet</strong></span> 
     </span>
     <span class='ocr_line' id='line_1_37' title="bbox 129 3823 1226 3894; baseline -0.002 -16"><span class='ocrx_word' id='word_1_301' title='bbox 129 3829 246 3879; x_wconf 78' lang='lat' dir='ltr'><strong>tudinem</strong></span> <span class='ocrx_word' id='word_1_302' title='bbox 258 3827 393 3879; x_wconf 81' lang='lat' dir='ltr'><strong>referrent.</strong></span> <span class='ocrx_word' id='word_1_303' title='bbox 426 3830 504 3892; x_wconf 76' lang='lat' dir='ltr'><strong>Seps</strong></span> <span class='ocrx_word' id='word_1_304' title='bbox 515 3836 610 3884; x_wconf 78' lang='lat' dir='ltr'><strong>tumen,</strong></span> <span class='ocrx_word' id='word_1_305' title='bbox 621 3827 658 3881; x_wconf 89' lang='lat' dir='ltr'><strong>uti</strong></span> <span class='ocrx_word' id='word_1_306' title='bbox 697 3828 812 3894; x_wconf 81' lang='lat' dir='ltr'><strong>quirqnir</strong></span> <span class='ocrx_word' id='word_1_307' title='bbox 822 3827 860 3878; x_wconf 86' lang='lat' dir='ltr'><strong>uti</strong></span> <span class='ocrx_word' id='word_1_308' title='bbox 871 3823 1095 3887; x_wconf 72' lang='lat' dir='ltr'><strong>neirritbeneiicio</strong></span> <span class='ocrx_word' id='word_1_309' title='bbox 1112 3833 1165 3887; x_wconf 86' lang='lat' dir='ltr'><strong>tuo,</strong></span> <span class='ocrx_word' id='word_1_310' title='bbox 1176 3839 1226 3876; x_wconf 84' lang='lat' dir='ltr'><strong>nee</strong></span> 
     </span>
     <span class='ocr_line' id='line_1_38' title="bbox 128 3903 1224 3971; baseline -0.004 -15"><span class='ocrx_word' id='word_1_311' title='bbox 128 3907 179 3956; x_wconf 86' lang='lat' dir='ltr'><strong>boe</strong></span> <span class='ocrx_word' id='word_1_312' title='bbox 191 3908 217 3956; x_wconf 92' lang='lat' dir='ltr'><strong>in</strong></span> <span class='ocrx_word' id='word_1_313' title='bbox 226 3909 348 3971; x_wconf 83' lang='lat' dir='ltr'><strong>loeo,pro</strong></span> <span class='ocrx_word' id='word_1_314' title='bbox 361 3909 526 3957; x_wconf 81' lang='lat' dir='ltr'><strong>totorbeetre</strong></span> <span class='ocrx_word' id='word_1_315' title='bbox 538 3907 656 3964; x_wconf 84' lang='lat' dir='ltr'><strong>sumitur,</strong></span> <span class='ocrx_word' id='word_1_316' title='bbox 697 3921 725 3954; x_wconf 88' lang='lat' dir='ltr'><strong>se</strong></span> <span class='ocrx_word' id='word_1_317' title='bbox 737 3906 841 3969; x_wconf 77' lang='lat' dir='ltr'><strong>dignum</strong></span> <span class='ocrx_word' id='word_1_318' title='bbox 853 3907 907 3956; x_wconf 82' lang='lat' dir='ltr'><strong>vite</strong></span> <span class='ocrx_word' id='word_1_319' title='bbox 917 3903 1057 3968; x_wconf 80' lang='lat' dir='ltr'><strong>judicavit,</strong></span> <span class='ocrx_word' id='word_1_320' title='bbox 1067 3918 1124 3952; x_wconf 87' lang='lat' dir='ltr'><strong>enm</strong></span> <span class='ocrx_word' id='word_1_321' title='bbox 1138 3918 1185 3967; x_wconf 89' lang='lat' dir='ltr'><strong>per</strong></span> <span class='ocrx_word' id='word_1_322' title='bbox 1196 3913 1224 3967; x_wconf 77' lang='lat' dir='ltr'><strong>re</strong></span> 
     </span>
     <span class='ocr_line' id='line_1_39' title="bbox 129 3980 1226 4048; baseline -0.003 -13"><span class='ocrx_word' id='word_1_323' title='bbox 129 3992 160 4035; x_wconf 89' lang='lat' dir='ltr'><strong>nt</strong></span> <span class='ocrx_word' id='word_1_324' title='bbox 170 3985 244 4048; x_wconf 72' lang='lat' dir='ltr'><strong>virg.</strong></span> <span class='ocrx_word' id='word_1_325' title='bbox 256 3985 315 4034; x_wconf 84' lang='lat' dir='ltr'><strong>AEn.</strong></span> <span class='ocrx_word' id='word_1_326' title='bbox 326 3995 354 4034; x_wconf 83' lang='lat' dir='ltr'><strong>v.</strong></span> <span class='ocrx_word' id='word_1_327' title='bbox 366 3988 423 4034; x_wconf 81' lang='lat' dir='ltr'><strong>tito.</strong></span> <span class='ocrx_word' id='word_1_328' title='bbox 439 3984 447 4012; x_wconf 82' lang='lat'><em>⁴</em></span> <span class='ocrx_word' id='word_1_329' title='bbox 460 3983 512 4032; x_wconf 89' lang='lat' dir='ltr'><strong>Hie</strong></span> <span class='ocrx_word' id='word_1_330' title='bbox 524 3989 606 4033; x_wconf 81' lang='lat' dir='ltr'><strong>toturn</strong></span> <span class='ocrx_word' id='word_1_331' title='bbox 615 3998 655 4033; x_wconf 83' lang='lat' dir='ltr'><strong>ee·</strong></span> <span class='ocrx_word' id='word_1_332' title='bbox 696 3983 788 4035; x_wconf 81' lang='lat' dir='ltr'><strong>liceret</strong></span> <span class='ocrx_word' id='word_1_333' title='bbox 808 3993 838 4040; x_wconf 79' lang='lat' dir='ltr'><strong>ut</strong></span> <span class='ocrx_word' id='word_1_334' title='bbox 856 3985 964 4039; x_wconf 79' lang='lat' dir='ltr'><strong>viveret,</strong></span> <span class='ocrx_word' id='word_1_335' title='bbox 985 3990 1014 4031; x_wconf 85' lang='lat' dir='ltr'><strong>ru</strong></span> <span class='ocrx_word' id='word_1_336' title='bbox 1030 3981 1110 4046; x_wconf 84' lang='lat' dir='ltr'><strong>(qued</strong></span> <span class='ocrx_word' id='word_1_337' title='bbox 1128 3980 1226 4032; x_wconf 81' lang='lat' dir='ltr'><strong>suffieit</strong></span> 
     </span>
     <span class='ocr_line' id='line_1_40' title="bbox 127 4055 1224 4123; baseline -0.004 -13"><span class='ocrx_word' id='word_1_338' title='bbox 127 4074 186 4111; x_wconf 78' lang='lat' dir='ltr'><strong>ven</strong></span> <span class='ocrx_word' id='word_1_339' title='bbox 196 4074 343 4110; x_wconf 70' lang='lat' dir='ltr'><strong>eumerium</strong></span> <span class='ocrx_word' id='word_1_340' title='bbox 355 4057 486 4123; x_wconf 79' lang='lat' dir='ltr'><strong>ingentie,’</strong></span> <span class='ocrx_word' id='word_1_341' title='bbox 496 4061 545 4108; x_wconf 72' lang='lat' dir='ltr'><strong>tre.</strong></span> <span class='ocrx_word' id='word_1_342' title='bbox 696 4055 938 4122; x_wconf 67' lang='lat' dir='ltr'><strong>conscientiarum)</strong></span> <span class='ocrx_word' id='word_1_343' title='bbox 950 4057 1030 4109; x_wconf 87' lang='lat' dir='ltr'><strong>etiem</strong></span> <span class='ocrx_word' id='word_1_344' title='bbox 1042 4071 1093 4109; x_wconf 88' lang='lat' dir='ltr'><strong>non</strong></span> <span class='ocrx_word' id='word_1_345' title='bbox 1101 4058 1224 4108; x_wconf 83' lang='lat' dir='ltr'><strong>merenti·</strong></span> 
     </span>
    </p>

    <p class='ocr_par' dir='ltr' id='par_1_13' title="bbox 126 4133 1066 4278">
     <span class='ocr_line' id='line_1_41' title="bbox 161 4133 913 4202; baseline -0.007 -14"><span class='ocrx_word' id='word_1_346' title='bbox 161 4137 239 4193; x_wconf 55' lang='lat' dir='ltr'><strong>‘nied</strong></span> <span class='ocrx_word' id='word_1_347' title='bbox 249 4142 275 4187; x_wconf 83' lang='lat' dir='ltr'><strong>iu</strong></span> <span class='ocrx_word' id='word_1_348' title='bbox 284 4138 390 4202; x_wconf 76' lang='lat' dir='ltr'><strong>quidem]</strong></span> <span class='ocrx_word' id='word_1_349' title='bbox 403 4135 656 4201; x_wconf 50' lang='lat' dir='ltr'><strong>Fundanumque*-</strong></span> <span class='ocrx_word' id='word_1_350' title='bbox 697 4136 744 4188; x_wconf 91' lang='lat' dir='ltr'><strong>bur</strong></span> <span class='ocrx_word' id='word_1_351' title='bbox 756 4133 913 4200; x_wconf 61' lang='lat' dir='ltr'><strong>pepercisti!</strong></span> 
     </span>
     <span class='ocr_line' id='line_1_42' title="bbox 126 4211 1066 4278; baseline -0.005 -13"><span class='ocrx_word' id='word_1_352' title='bbox 126 4214 189 4278; x_wconf 75' lang='lat' dir='ltr'><strong>deur,</strong></span> <span class='ocrx_word' id='word_1_353' title='bbox 207 4221 236 4264; x_wconf 88' lang='lat' dir='ltr'><strong>ut</strong></span> <span class='ocrx_word' id='word_1_354' title='bbox 257 4219 331 4266; x_wconf 84' lang='lat' dir='ltr'><strong>notet</strong></span> <span class='ocrx_word' id='word_1_355' title='bbox 352 4211 502 4265; x_wconf 81' lang='lat' dir='ltr'><strong>Aeideliur:</strong></span> <span class='ocrx_word' id='word_1_356' title='bbox 525 4212 655 4264; x_wconf 88' lang='lat' dir='ltr'><strong>ineoneiu·</strong></span> <span class='ocrx_word' id='word_1_357' title='bbox 727 4211 854 4278; x_wconf 67' lang='lat' dir='ltr'><strong>‘Tettirl</strong></span> <span class='ocrx_word' id='word_1_358' title='bbox 871 4211 1004 4274; x_wconf 55' lang='lat' dir='ltr'><strong>lbetpt„¹</strong></span> <span class='ocrx_word' id='word_1_359' title='bbox 1062 4264 1066 4272; x_wconf 53' lang='grc'>,</span> 
     </span>
    </p>
   </div>
   <div class='ocr_carea' id='block_1_12' title="bbox 0 0 1370 4726">
    <p class='ocr_par' dir='ltr' id='par_1_14' title="bbox 0 0 1370 4726">
     <span class='ocr_line' id='line_1_43' title="bbox 0 0 1370 4726; baseline 0 4"><span class='ocrx_word' id='word_1_360' title='bbox 0 0 1370 4726; x_wconf 95' lang='lat' dir='ltr'><strong> </strong></span> 
     </span>
    </p>
   </div>
  </div>
 </body>
</html>
