2730 4726
126 288 213 356 1216
399 302 621 381 mensuruus
644 304 941 356 cnuurnnrscus

126 452 210 519 ratio
224 455 326 536 etque
340 449 505 516 dubitatio
519 449 672 534 iujectu,¹¹
687 450 823 535 quinem
837 452 879 517 de
888 451 958 517 illis
972 452 1136 519 montium
1150 477 1221 525 ver·

127 555 252 620 ticibns
266 554 436 633 orirentur,
457 573 499 619 un
520 553 573 618 his
588 546 748 636 gradibus
762 556 796 619 in
816 562 920 621 terras
936 556 1024 621 coelo
1039 556 1224 626 descende·

127 661 225 722 rent·
253 659 286 722 5.
308 657 357 722 Ut
372 675 451 724 vero
467 659 607 742 propios
621 657 828 743 propiusque
843 657 949 741 coepti
967 659 1050 723 estis
1073 664 1223 743 agnosci,

128 780 242 826 omnes
257 761 325 843 agri
341 761 477 845 oppleti,
492 779 557 824 non
570 759 761 826 bominibus
774 761 876 826 modo
897 759 941 825 ud
954 760 1128 826 visendum
1148 783 1227 847 pro·

128 864 347 942 currentibus,
375 863 559 929 sedetiam
581 865 749 948 pecudum
771 867 927 949 gregibus
946 872 1076 932 remota
1094 887 1228 950 pascue

127 975 163 1034 et
176 987 314 1033 nemora
327 967 574 1051 linquentibus:
597 987 793 1035 concursare
807 970 893 1035 iuter
906 987 944 1034 ee
959 968 1130 1052 agricolae,
1141 990 1227 1036 nnn·

126 1071 212 1138 tiure
224 1072 305 1137 totis
316 1071 416 1148 vise,'
426 1089 495 1136 nrae
506 1070 648 1150 incendi,
659 1072 754 1137 thure
764 1073 856 1157 poni,
866 1073 947 1138 vinu
956 1071 1066 1150 liberi,
1077 1073 1226 1144 victimue

127 1174 228 1254 credi,
248 1181 369 1241 concta
394 1174 516 1258 gaudio
537 1174 657 1254 colere,
678 1183 799 1242 cuncte
820 1175 995 1261 plausibus
1016 1176 1225 1260 tripudiare:

585 1339 771 1363 ommo

129 1457 239 1508 sntebse
253 1457 386 1521 legeretur
395 1455 496 1517 iuncus,
511 1456 612 1520 placuit
628 1457 702 1508 nobis
714 1457 801 1518 injecto
809 1474 820 1517 ,·
836 1457 905 1521 quod
923 1456 1020 1507 diserte
1038 1457 1165 1521 exprimit
1183 1474 1226 1510 eo·

128 1523 180 1574 dex
199 1529 303 1584 noster;
320 1520 388 1586 quod
406 1523 525 1571 similiter
540 1523 672 1573 Livineius
690 1524 716 1572 iu
733 1539 778 1572 sno
790 1532 891 1583 vetere,
909 1533 937 1572 et
953 1523 1113 1573 Bertioieusi
1125 1525 1227 1591 codiee,

128 1594 208 1654 stque
219 1589 351 1638 Puteanus
367 1588 393 1636 iu
411 1588 470 1645 elio,
486 1588 648 1639 invenerunt.
679 1589 811 1638 Preterea
823 1597 851 1641 et
863 1587 994 1638 Acidslius
1006 1590 1031 1637 in
1043 1590 1175 1640 actissuis
1187 1593 1226 1642 sie

124 1653 241 1718 jusserat
252 1654 320 1715 legi;
339 1667 414 1716 quem
433 1653 545 1717 deniqne
558 1654 620 1704 lect.
634 1655 688 1717 jem
702 1653 761 1706 Jnc.
772 1654 816 1704 De
827 1655 853 1704 ls
863 1654 964 1717 Bsnue,
972 1662 999 1703 et
1011 1653 1106 1704 Cellar.
1116 1657 1226 1706 exbibu-

128 1717 225 1769 erunt-³
241 1718 362 1769 muman.
386 1718 473 1779 ιἰύισιιι
489 1719 751 1782 pertrahetur.
776 1725 801 1769 et
816 1719 1083 1783 quinemdeiitieedd.
1097 1730 1162 1770 vett.
1188 1737 1227 1771 ee·

144 1785 224 1834 ιιιιιιιιιι
240 1787 269 1835 de
285 1783 335 1833 iilis
352 1785 419 1848 conj.
435 1784 517 1834 bivio.
534 1791 561 1834 et
577 1785 691 1834 Puteeo.
707 1783 834 1848 probante
851 1785 986 1845 Gesner03
1005 1790 1029 1833 et
1040 1784 1116 1837 deest
1128 1787 1156 1836 in
1167 1788 1227 1836 cod.

156 1851 242 1913 uelplr.
253 1856 280 1900 et
292 1850 357 1899 Eue.
369 1850 443 1898 Voss.
471 1849 585 1912 Deinde,
597 1850 662 1900 Ere.
672 1851 744 1899 Voss.
754 1858 780 1898 et
793 1850 906 1913 Guelpb.
916 1849 1013 1898 hebent
1021 1850 1138 1912 gradibus
1148 1853 1228 1902 eeoetu

126 1915 155 1965 is
165 1921 298 1966 terrus.-5
316 1914 379 1964 Vet.
390 1915 503 1965 Puteeu.
514 1915 570 1978 agri
580 1917 672 1979 repleti.
697 1916 705 1943 ‘
718 1916 839 1965 Nuntiate
849 1913 952 1978 ignotis]
970 1914 1041 1964 Olim
1050 1915 1145 1981 ubique
1154 1919 1227 1980 legs·

128 1980 214 2038 bstnr,
230 1982 302 2031 totis:
319 1987 346 2028 st
364 1980 389 2028 iu
407 1979 457 2029 lruc
473 1994 536 2030 voce
555 1982 627 2030 uleus
644 1989 716 2030 vetus
730 1981 805 2044 latet,
821 1982 863 2030 eui
881 1979 1035 2030 removendo
1048 1982 1111 2031 nulli
1122 1982 1228 2033 codices
1269 1987 1272 1993 '

127 2047 230 2111 scripti,
241 2059 326 2110 neque
338 2045 397 2095 libri
409 2047 507 2106 excusi,
517 2047 639 2111 quiuobis
650 2048 785 2111 hucusque
793 2047 936 2108 innotuere,
946 2043 1087 2096 sufficiunt.
1120 2046 1227 2098 Valent.

125 2111 261 2163 Acidulins
272 2111 305 2161 ed
316 2111 384 2160 bunc
396 2111 479 2161 locum
495 2113 552 2162 boec
569 2118 756 2162 commentatus
772 2119 821 2168 est,
839 2112 943 2162 ‘Possis
963 2111 1143 2175 interpretari,
1160 2113 1227 2169 totis,

128 2179 260 2238 omuibus3
274 2174 383 2239 utspud
396 2177 533 2240 Apuleium
544 2177 691 2242 aliquoties.
712 2177 762 2226 Sed
776 2176 837 2226 milri
850 2180 961 2240 placeat,
972 2179 1054 2238 magis
1066 2177 1156 2237 scribi,
1166 2193 1228 2229 ιιιιιι·

127 2243 190 2292 tiure
200 2245 257 2292 totis
267 2241 340 2291 emis:
359 2242 413 2290 sive
426 2243 503 2291 etism
515 2242 706 2293 distinctionem
719 2244 821 2303 mutari,
838 2256 976 2292 concursare
992 2241 1057 2291 ister
1067 2258 1093 2292 se
1103 2243 1228 2306 mola,

127 2307 255 2364 sestius,-
273 2306 598 2356 commiseratione!
630 2307 765 2358 Hactenus
776 2307 918 2358 Acidulius.
946 2305 982 2356 At
998 2307 1131 2357 Livineius
1142 2309 1170 2358 in
1181 2323 1228 2359 orn

127 2371 188 2422 libri
200 2372 238 2421 sui
250 2373 391 2434 annotarit,
409 2386 457 2436 pro
475 2373 541 2436 totis,
559 2370 627 2422 forte
646 2373 780 2437 legendum
797 2374 868 2422 sotis.
902 2373 968 2424 Qun
989 2386 1037 2421 rex
1051 2372 1228 2424 tuncderunm

127 2436 211 2486 locum
223 2437 319 2485 hebere
332 2451 406 2498 posse
417 2437 529 2500 videtur,
544 2437 566 2485 si
585 2436 670 2487 ‘noti'
687 2452 736 2502 pro
752 2437 874 2488 ‘amicis’
890 2443 1029 2501 ponentur,
1043 2439 1082 2488 uti
1094 2440 1163 2499 apud
1177 2439 1227 2488 Cs-

128 2503 186 2552 tull.
197 2514 282 2551 Lxxx-
292 2506 318 2551 4.
350 2503 447 2551 Verum
466 2505 545 2566 magis
564 2503 651 2566 plecet
665 2505 736 2568 prior
748 2502 859 2554 Acidslii
873 2503 1034 2568 conjectura,
1044 2504 1157 2552 nuntiare
1169 2505 1228 2553 tutis

127 2567 203 2626 eisin
215 2565 353 2616 dummodo
365 2565 424 2615 buic
434 2569 594 2630 conjecturae
612 2569 784 2632 astipulentur
801 2576 903 2618 ueteres
917 2566 1020 2628 quidum
1033 2567 1145 2616 codices.
1179 2569 1228 2619 Et·

128 2633 207 2693 euim,
218 2632 285 2697 qnod
297 2631 423 2682 cellarius
435 2631 482 2688 sit,
495 2629 612 2680 Acidalio
623 2631 703 2680 videri
712 2631 806 2693 potuit,
816 2631 876 2680 uicis
886 2628 1023 2688 excidisse,
1034 2633 1102 2695 quod
1117 2641 1227 2697 propter

126 2698 308 2763 insequentem
320 2710 419 2754 rocem,
434 2696 495 2757 uisu,
507 2696 597 2744 iisdem
615 2695 670 2745 tere
684 2695 800 2758 apicibus
817 2697 1158 2759 constantem,probubilius
1176 2707 1227 2762 est,

128 2765 200 2831 qussi
213 2778 259 2827 pro
268 2779 319 2813 uns
331 2776 467 2826 perperam
481 2763 593 2825 repetita
604 2776 661 2810 enm
673 2761 802 2822 babuisse,
810 2761 853 2823 qui
863 2760 1009 2823 descripsit.
1026 2761 1109 2811 Nobis
1119 2763 1144 2811 iu
1154 2778 1227 2813 rnen·

129 2829 275 2891 remouit,
295 2843 342 2892 pro
359 2829 424 2891 tutis,
435 2828 545 2891 primum
557 2826 639 2876 fuisse
652 2827 774 2888 scriptum
785 2826 883 2887 metis,
901 2826 919 2876 i.
935 2840 958 2874 e·
973 2826 1069 2888 ignaris
1081 2836 1108 2877 et
1124 2830 1227 2879 nesciis.

129 2897 213 2948 Quum
225 2897 298 2960 hujus
311 2894 380 2944 vocis
393 2896 522 2943 notionem
535 2907 591 2942 cnm
604 2893 764 2955 ignorarent,
774 2899 818 2941 aut
830 2892 929 2954 priores
937 2890 1025 2940 literas
1033 2892 1225 2946 obsolescentes

128 2961 199 3012 forte
211 2976 261 3011 non
278 2960 515 3010 animadverterent
534 2961 609 3008 rudes
626 2959 734 3021 librarii,
751 2960 860 3021 primum
878 2970 1017 3021 reposuere
1035 2958 1117 3018 uotis,·
1132 2960 1179 3010 sed
1198 2968 1227 3011 et

129 3041 187 3077 cunr
199 3027 264 3075 hunc
275 3026 412 3074 sententiae
424 3025 597 3090 panegyristae
611 3025 692 3074 miuus
709 3028 891 3088 congruentem
910 3029 1033 3085 putarent
1050 3024 1103 3086 ulii,
1120 3025 1226 3075 interim

128 3092 188 3140 binc
206 3089 328 3141 effinxere
348 3092 413 3138 tetis.
446 3090 572 3152 Apprime
590 3096 677 3140 antero
694 3089 754 3139 huic
772 3090 830 3138 luco
846 3087 967 3137 convenit
984 3088 1074 3149 ignotis
1080 3105 1091 3148 ,·
1105 3093 1226 3152 quonium

127 3156 224 3219 ignotus
236 3157 313 3218 vulgo
325 3156 427 3220 quidem
440 3155 541 3217 passive
552 3155 648 3204 dicitur
666 3156 849 3216 ‘incognitum’
867 3168 912 3203 seu
931 3154 973 3216 qui
986 3155 1041 3202 eliis
1059 3169 1110 3203 nou
1126 3167 1167 3206 est
1179 3172 1225 3206 no·

129 3231 190 3284 tos,
201 3222 279 3271 uilrilo
292 3222 372 3270 miurus
383 3229 470 3271 tumen
482 3221 560 3270 etism
572 3236 586 3269 s
596 3219 709 3284 probetis
717 3220 811 3284 lingue
821 3219 922 3269 Latium
932 3219 1078 3269 unctoribus
1086 3222 1226 3284 aliquando

129 3287 215 3338 sctire
226 3289 247 3336 is
259 3287 353 3336 dicitnr
364 3287 469 3349 ignotus,
488 3286 531 3350 qui
549 3301 600 3335 nou
618 3286 698 3349 novit,
714 3294 741 3335 et
759 3287 801 3350 qui
820 3299 903 3334 rerum
916 3291 957 3334 est
967 3285 1087 3349 ignarus!
1104 3285 1226 3338 muman.

128 3352 162 3403 Iu
179 3353 288 3403 uuutiure
303 3353 364 3402 totis
379 3355 430 3402 uisu
447 3352 596 3414 conspirant
615 3351 691 3401 codd.
718 3351 788 3400 Vide
806 3349 881 3399 Nott.
898 3351 975 3399 Verr.
998 3349 1173 3416 lindenbrog.
1192 3352 1225 3403 nd

128 3419 203 3483 Eleg.
214 3419 247 3469 sd
260 3418 367 3482 Liuium,
378 3417 619 3482 vs.136.couj.uroe
628 3418 694 3482 posi,
706 3417 776 3467 tburu
786 3414 880 3466 incendi
885 3432 896 3475 ,·
912 3414 1072 3467 stewechius
1083 3415 1116 3466 ud
1127 3417 1225 3470 Arnob.

614 3565 720 3618 NOTAE

162 3660 295 3726 ”leuectsq
313 3661 423 3712 Restitui
439 3677 487 3726 pru
503 3663 606 3726 invectu,
623 3677 663 3714 ex.
697 3661 739 3713 Au
762 3661 884 3711 restitute
907 3662 995 3711 vocula
1015 3661 1151 3722 legendnm
1167 3666 1229 3716 totis

130 3740 298 3796 Bertioieusi,
307 3738 369 3787 item
380 3749 407 3788 et
415 3750 503 3788 vetere
513 3740 564 3788 alio
572 3754 656 3788 exem·
696 3741 762 3790 eicis.
781 3740 823 3791 An
834 3755 894 3789 vero
905 3741 1113 3805 interpunctione
1125 3751 1227 3794 tuntum

130 3819 206 3884 pluri.
239 3817 303 3866 Mox
313 3816 442 3880 ecquinam,
454 3831 500 3879 pro
514 3821 538 3867 et
552 3817 657 3880 quinum,
697 3824 804 3874 mutatu,
823 3819 968 3866 Concursum
985 3817 1049 3866 iuter
1063 3833 1089 3867 se
1102 3821 1226 3885 mota,

130 3909 161 3949 ut
177 3897 315 3964 legendum
330 3911 387 3946 esse
403 3904 495 3946 notant
510 3897 577 3946 idem
590 3897 657 3966 Lsu·
696 3896 816 3956 sustiure,
826 3894 885 3942 tutis
894 3893 952 3942 uicis
963 3908 1012 3942 uro
1022 3894 1123 3946 incendi.
1153 3898 1227 3950 Note

132 3975 188 4038 gius
200 3983 227 4025 et
238 3975 375 4035 Gruterus,
386 3976 437 4023 &c
697 3987 758 4022 uero
779 3972 847 4020 huuc
865 3970 1000 4020 verborum
1018 3986 1106 4020 casum
1123 3974 1155 4022 sd
1171 3988 1225 4026 rem

163 4057 175 4084 v
192 4051 312 4101 Nuntiate
330 4051 386 4101 totis
400 4048 463 4112 uuo]
483 4049 574 4100 Utrum
591 4049 657 4109 totis,
697 4049 744 4100 sub
757 4049 843 4099 oculus
857 4047 1045 4112 subjiciendam
1056 4049 1164 4102 mirifice
1181 4067 1226 4118 sp·

131 4125 159 4176 id
182 4133 231 4191 est,
252 4128 387 4177 omuibus:
410 4128 483 4191 cujus
506 4127 543 4175 rei
566 4132 658 4176 extent
698 4132 763 4199 tpm.

132 4202 202 4268 apud
212 4203 350 4269 Apuleium
362 4204 483 4268 exempla
494 4201 560 4254 bene
570 4203 658 4254 multe.
