2730 4726
347 337 597 389 nrocnrrmur
623 339 668 386 61
694 339 925 399 maxumam.
1102 323 1187 388 1141

79 493 245 555 evocatus
259 506 380 570 magno
395 486 600 571 populorum
616 487 766 551 omnium
782 486 906 569 plausu
921 490 954 549 et
970 483 1188 548 acclamatio·

80 613 125 656 ne
140 597 307 674 exceptus
320 600 384 656 est.
419 591 545 672 Paneg.
562 589 663 654 118.
696 589 825 654 Eodem
842 588 898 652 die
914 587 993 650 inde
1009 588 1042 650 in
1054 585 1189 650 Gallias

80 695 238 772 mittitur,
254 693 298 757 ad
318 713 418 777 quam
434 693 685 776 expeditionem
703 693 868 774 legionem
884 690 1094 766 Thebanam,
1111 709 1189 771 quae

80 796 183 862 6666.
206 797 350 860 1611111161
366 801 449 873 6161,
465 815 578 859 secum
594 797 746 859 abduxit.
792 794 926 858 Gallias
948 791 1038 853 brevi
1064 811 1119 854 seu
1145 791 1191 868 vi,

82 917 145 962 seu
162 898 338 980 prudentia
353 898 503 980 pacavit.
548 899 661 980 Atque
688 897 763 960 hinc
787 895 970 959 Herculius
993 894 1103 957 dictus
1123 900 1189 971 est,

82 999 179 1084 quod
197 1000 447 1064 Diocletianum
463 998 486 1064 J
488 1000 614 1078 ovium,
628 1001 734 1063 instar
749 997 921 1075 Herculis,
937 998 980 1061 ad
996 995 1187 1080 purgandas

82 1103 245 1167 monstris
261 1100 392 1166 Gallias
415 1103 610 1187 adjuvisset.
657 1103 891 1166 Maximianus
912 1102 1076 1183 legionem
1102 1100 1187 1162 inte·

81 1223 176 1285 gram
201 1204 312 1268 solitis
333 1206 506 1285 gentilium
529 1205 705 1268 sacrificiis
730 1205 835 1287 pollui
860 1210 1083 1279 recusantem,
1099 1210 1189 1266 trans

82 1303 196 1389 Alpes
207 1304 372 1372 Octoduri
388 1308 422 1370 in
435 1306 596 1391 Veragris
613 1308 655 1372 ad
671 1308 878 1372 Rhodanum
893 1307 1004 1371 occidi
1014 1307 1128 1390 jussit.

105 1472 149 1541 A.
161 1475 206 1539 U.
217 1474 256 1540 C.
272 1492 453 1540 mxxxix.
494 1475 572 1540 Chr.
589 1494 804 1542 cccxxxvi.
837 1477 984 1541 Dioclet.
1001 1475 1089 1558 lmp.
1107 1491 1163 1538 ιιι.

171 1579 474 1645 AEtat.xxxv1u.
500 1580 644 1644 Maxim.
660 1581 749 1664 Imp.
767 1598 807 1645 ιι.
829 1581 1097 1645 AEtat.xxxv1.

127 1731 364 1797 Maximianus
379 1734 543 1799 rediverat
557 1737 661 1801 victor
684 1737 896 1801 consulatum
911 1735 1069 1801 'lheveris
1084 1735 1183 1798 initu·

82 1855 150 1901 rus.
196 1835 281 1899 Cum
305 1856 387 1901 ecce
409 1839 578 1903 nuntiatur
597 1838 792 1903 Achilleum
816 1840 850 1902 iu
866 1839 1017 1921 AEgypto
1037 1836 1185 1921 tyranni-

82 1937 161 2002 dem
182 1937 364 2002 invasisse:
389 1937 558 2003 Narseum
585 1940 724 2004 Persam
749 1941 880 2005 Orienti
903 1939 1024 2004 bellurn
1046 1938 1183 2002 inferre:

83 2039 403 2125 Quinquegentauas
418 2051 537 2125 gentes
553 2044 587 2107 in
603 2043 718 2108 Africa
732 2046 879 2108 turbare:
896 2042 1095 2107 carausium
1107 2041 1187 2105 Bel·

82 2145 160 2226 gico
176 2153 211 2209 et
225 2144 402 2213 Armorico
418 2155 527 2212 tractu
543 2157 660 2212 contra
676 2148 826 2212 Francos
841 2153 872 2210 61
883 2145 1042 2210 Saxones
1057 2144 1186 2228 piratas

82 2248 226 2313 tutando
240 2248 450 2332 praefectum,
462 2250 610 2315 abducta
626 2270 740 2315 secum
756 2248 913 2313 Romana
928 2249 1040 2312 classe
1052 2248 1187 2311 Britan·

81 2349 157 2414 nias
195 2369 408 2436 occupasse:
440 2353 696 2435 Burgundiones
733 2359 766 2418 et
797 2351 990 2428 Alamanos,
1019 2353 1122 2414 immo
1151 2356 1187 2414 et

82 2450 289 2532 Chaibonas,
317 2453 508 2539 Erulosque
535 2457 665 2521 viribus
692 2457 819 2541 primos
848 2456 1074 2529 harbarorum,
1100 2452 1186 2516 locis

81 2555 234 2630 61111666,
256 2557 290 2620 16
314 2556 448 2622 Gallias
477 2561 675 2645 irrumpere:
699 2559 931 2624 Maximianus
961 2557 1023 2620 hos
1049 2560 1186 2639 repente

83 2656 227 2721 adortus
241 2657 370 2740 fugavit
385 2661 583 2746 ceciditque,
601 2682 642 2727 ac
657 2662 822 2726 Treveros
843 2661 954 2725 redux
976 2677 1099 2741 magno
1114 2677 1186 2720 om-

81 2761 175 2823 nium
191 2760 316 2842 plausu
329 2770 494 2846 exceptus
509 2773 573 2829 est.
619 2765 757 2830 Interim
771 2762 1004 2828 Diocletianus
1017 2781 1103 2843 opus
1119 2758 1186 2822 sibi

81 2869 237 2927 consorte
262 2862 407 2947 imperii,
433 2867 477 2930 ad
500 2868 647 2952 reliquos
674 2877 787 2932 motus
816 2864 1083 2948 compescendos
1110 2881 1187 2925 sen·

81 2964 185 3042 11666,
201 2963 446 3032 Maximianum
463 2990 508 3034 ex
523 2970 660 3035 Caesare
678 2970 871 3053 Augustum
888 2968 972 3032 16611
988 2964 1068 3030 Κ61.
1083 2965 1186 3048 Apri·

81 3065 138 3138 lis,
155 3085 304 3149 moxque
319 3069 353 3131 in
370 3068 543 3137 Orientem
560 3073 731 3138 convolat.
776 3072 1008 3136 Maximianus
1027 3088 1103 3135 vero
1118 3067 1184 3133 Ca·

80 3166 208 3247 rausio,
220 3187 319 3251 quem
331 3179 468 3254 propter
483 3176 621 3257 publica
634 3175 813 3239 latrocinia
826 3175 1083 3258 proscripserat,
1099 3191 1184 3255 prae-

82 3272 184 3355 cipue
197 3269 359 3350 infensus,
374 3275 409 3338 in
425 3273 572 3341 Galliam
587 3278 767 3342 contendit·
814 3278 868 3342 lbi
893 3297 970 3341 cum
996 3275 1039 3340 ad
1058 3274 1186 3339 Carau-

81 3375 168 3437 sinm
191 3372 226 3436 in
240 3374 433 3441 Britannias
453 3381 722 3471 persequendum
738 3382 880 3445 classem
901 3380 1025 3448 nullam
1040 3378 1186 3461 reperis·

82 3481 154 3558 set;
177 3494 246 3560 quo
263 3477 444 3560 perduellis
460 3482 552 3547 illins
568 3486 653 3549 vires
665 3485 843 3562 6661116161,
857 3503 944 3560 6661,
959 3502 1035 3566 qnae
1047 3481 1182 3546 Rhaetis

82 3578 221 3663 objecta
235 3587 302 3658 est,
317 3579 508 3650 Germaniae
525 3593 652 3669 partem
668 3589 849 3670 ingressus,
866 3587 901 3648 iu
918 3584 1183 3666 Burgundiones,

83 3691 117 3744 et
139 3679 339 3760 Alamauos,
365 3695 503 3769 propter
530 3691 701 3754 occultum
726 3709 801 3755 oum
825 3688 989 3753 carausio
1008 3686 1122 3751 toedus
1149 3686 1182 3746 16

83 3781 219 3847 Gallias
232 3782 369 3863 effusos,
387 3806 480 3853 arma
496 3793 668 3870 convertit,
684 3798 717 3856 61
732 3812 793 3856 eos
808 3792 932 3874 partim
946 3789 1048 3866 same,
1060 3786 1182 3870 partim

82 3883 171 3948 16116
187 3883 338 3950 66616611.
362 3887 488 3973 Paneg.
503 3909 547 3956 11.
560 3895 593 3958 5.
638 3894 834 3959 Chaibonas
851 3913 939 3972 vero,
954 3899 988 3957 et
1003 3890 1124 3955 Erulos
1137 3887 1182 3952 611

82 4006 176 4051 mare
193 3986 372 4052 Codanum
389 3991 548 4075 degentes
564 3997 786 4062 internecione
807 3997 907 4072 delet,
928 3998 1108 4077 ipsumque
1124 4009 1182 4055 eo·

82 4108 157 4152 rum
180 4108 303 4170 regem.
317 4091 403 4157 inter
429 4096 538 4179 ipsas,
564 4119 651 4183 quas
674 4101 875 4165 moliebatur
893 4096 1046 4173 insidias,
1069 4097 1181 4178 capit:

80 4191 202 4275 sicque
218 4189 393 4260 Romanos
413 4197 540 4266 limites
557 4203 602 4268 ad
623 4203 773 4270 Danubii
789 4210 904 4287 caput,
921 4207 1021 4285 atque
1038 4198 1123 4264 adeo
1136 4196 1182 4261 ad
