2730 4726
331 302 361 311 ⁵*
460 345 911 396 nu.rnuouosrruncnr.
1024 421 1032 439 Ι
1148 326 1236 399 1549

126 498 311 559 evocatum
327 509 404 557 esse
419 491 524 576 aliqui
540 497 704 569 asserunt,
721 510 862 575 eumque
881 509 902 556 a
923 490 1048 557 Serena
1063 490 1235 558 stiliconis

127 593 274 678 conjuge
288 601 322 658 et
336 593 523 658 Theodosii
545 614 589 659 ex
611 593 713 659 fratre
733 601 837 679 nepte
860 594 903 660 ad
926 614 1000 659 eum
1021 614 1097 659 esse
1113 594 1236 662 deduc·

127 704 214 772 tum,
233 715 272 761 ac
289 694 467 761 stiliconis
482 695 600 761 tutelae
616 696 846 761 commissum.
882 696 950 760 His
965 697 1066 762 rebus
1080 698 1130 762 ita
1144 718 1237 765 com·

127 798 256 884 positis
282 797 493 863 Theodosius
517 818 605 883 aqua
633 799 797 864 intercute
825 814 925 863 xvn.
958 797 1036 863 Kal.
1067 798 1165 865 Febr.
1191 802 1235 867 de

127 908 240 979 nocte,
257 921 334 968 cum
354 903 429 986 ipse
453 921 550 966 mane
574 902 663 967 ludis
686 902 893 968 circensibus
914 900 1131 980 interfuisset,
1152 903 1236 970 obiit

129 1005 244 1070 aetatis
266 1023 352 1068 anno
372 1024 440 1069 uon
458 1005 512 1069 60.
535 1012 573 1070 ut
588 1005 661 1070 vult
674 1005 845 1086 Socrates,
861 1005 922 1069 sed
936 1006 989 1070 50.
1006 1005 1137 1088 imperii
1153 1024 1234 1072 vero

128 1106 187 1173 17.
231 1104 367 1186 Victor,
396 1106 551 1191 Prosper,
576 1106 803 1172 Marcellinus.
848 1106 982 1190 Corpus
1012 1107 1085 1191 ejus
1114 1128 1235 1191 magna

128 1227 258 1297 pompa
273 1206 604 1292 Constantinopolim
620 1210 814 1274 translatum
829 1210 945 1294 ibique
961 1209 1127 1293 sepultum
1149 1218 1211 1277 est.

176 1309 259 1375 Nou
273 1309 360 1376 alius
373 1310 551 1394 imperator
566 1317 625 1376 aut
639 1312 737 1395 plura
747 1318 804 1377 aut
814 1311 999 1376 difficiliora
1012 1312 1103 1379 bella
1115 1313 1234 1380 fortius

132 1413 302 1496 suscepit,
318 1412 467 1478 confecit
481 1415 622 1479 celerius
638 1420 672 1479 et
686 1413 878 1496 gloriosius,
892 1420 929 1479 ut
942 1413 1090 1481 dubitari
1110 1418 1233 1500 possit,

132 1513 251 1582 sortior
264 1513 377 1591 fuerit,
389 1533 434 1578 au
451 1515 591 1580 felicior.
633 1515 714 1581 Nou
730 1516 795 1580 sibi
810 1515 870 1581 sed
886 1516 964 1581 aliis
978 1518 1154 1586 vincebat:
1171 1539 1233 1604 op-

130 1635 323 1702 pressorum
343 1636 460 1698 regum
475 1618 629 1683 defensor
651 1619 750 1683 simul
768 1624 802 1684 et
823 1620 1082 1697 strenuissimus,
1098 1629 1133 1687 et
1147 1624 1232 1688 iute-

131 1719 305 1802 gemimus.
349 1716 413 1783 Vir
436 1719 545 1784 animo
570 1741 679 1787 rerum
705 1722 854 1786 omnium
880 1723 1014 1808 capaci,
1035 1724 1171 1809 quique,
1197 1732 1234 1792 ut

130 1839 256 1886 nomeu
278 1821 390 1903 ipsum
412 1820 597 1901 iudicabat,
614 1823 657 1888 ad
680 1823 784 1889 totius
804 1824 893 1889 orbis
911 1825 1038 1890 bonum
1060 1831 1093 1891 et
1114 1847 1233 1911 pacem

131 1922 247 1989 divino
277 1922 423 2006 quodam
460 1944 594 1990 munere
631 1944 818 1990 concessus
847 1926 1023 1993 videretur.
1067 1926 1123 1993 Ad
1158 1931 1231 1997 haec

132 2024 333 2092 Christianae
354 2025 526 2108 religionis
550 2028 674 2112 pietate
697 2028 850 2109 insignis,
864 2036 1027 2114 perpetua
1048 2031 1129 2098 belli
1152 2053 1233 2099 cou-

130 2125 308 2194 suetudine
328 2127 470 2192 uihilum
492 2128 660 2208 efferatus,
675 2130 710 2194 iu
726 2149 842 2195 omues
858 2130 1042 2213 officiosus,
1055 2134 1231 2218 imperato-

129 2248 207 2297 rum
229 2228 312 2293 nulli
334 2230 513 2310 secundus,
542 2233 573 2297 si
596 2232 640 2299 ad
665 2240 798 2300 ceteras
824 2234 963 2303 virtutes
992 2238 1028 2304 iu
1055 2237 1232 2307 iracundia

128 2328 318 2401 moderatio
333 2335 543 2400 accessisset.
