<?xml version="1.0" encoding="UTF-8"?>
<!DOCTYPE html PUBLIC "-//W3C//DTD XHTML 1.0 Transitional//EN"
    "http://www.w3.org/TR/xhtml1/DTD/xhtml1-transitional.dtd">
<html xmlns="http://www.w3.org/1999/xhtml" xml:lang="en" lang="en">
 <head>
  <title>
</title>
<meta http-equiv="Content-Type" content="text/html;charset=utf-8" />
  <meta name='ocr-system' content='tesseract 3.04.00' />
  <meta name='ocr-capabilities' content='ocr_page ocr_carea ocr_par ocr_line ocrx_word'/>
</head>
<body>
  <div class='ocr_page' id='page_1' title='image "./panegyriciveter01baungoog_0389.png"; bbox 0 0 2730 4726; ppageno 0'>
   <div class='ocr_carea' id='block_1_1' title="bbox 111 322 928 397">
    <p class='ocr_par' dir='ltr' id='par_1_1' title="bbox 111 322 928 397">
     <span class='ocr_line' id='line_1_1' title="bbox 111 322 928 397; baseline -0.005 0"><span class='ocrx_word' id='word_1_1' title='bbox 111 322 199 397; x_wconf 68' lang='lat' dir='ltr'>ltro</span> <span class='ocrx_word' id='word_1_2' title='bbox 407 324 591 392; x_wconf 71' lang='lat' dir='ltr'>&#39;ululant</span> <span class='ocrx_word' id='word_1_3' title='bbox 615 336 894 393; x_wconf 78' lang='lat' dir='ltr'>eannornrcus</span> <span class='ocrx_word' id='word_1_4' title='bbox 924 344 928 355; x_wconf 92' lang='lat'>·</span> 
     </span>
    </p>
   </div>
   <div class='ocr_carea' id='block_1_2' title="bbox 90 485 1223 2412">
    <p class='ocr_par' dir='ltr' id='par_1_2' title="bbox 110 485 1222 983">
     <span class='ocr_line' id='line_1_2' title="bbox 112 485 1222 576; baseline 0.002 -20"><span class='ocrx_word' id='word_1_5' title='bbox 112 509 206 556; x_wconf 88' lang='lat' dir='ltr'>arma</span> <span class='ocrx_word' id='word_1_6' title='bbox 227 487 404 553; x_wconf 84' lang='lat' dir='ltr'>collucent.</span> <span class='ocrx_word' id='word_1_7' title='bbox 445 487 478 553; x_wconf 87' lang='grc'>6.</span> <span class='ocrx_word' id='word_1_8' title='bbox 502 485 533 551; x_wconf 94' lang='grc'><strong>0</strong></span> <span class='ocrx_word' id='word_1_9' title='bbox 555 494 715 571; x_wconf 87' lang='lat' dir='ltr'>quantam</span> <span class='ocrx_word' id='word_1_10' title='bbox 734 487 803 553; x_wconf 84' lang='lat' dir='ltr'>nim</span> <span class='ocrx_word' id='word_1_11' title='bbox 822 487 990 573; x_wconf 79' lang='lat' dir='ltr'>possides,</span> <span class='ocrx_word' id='word_1_12' title='bbox 1004 487 1127 568; x_wconf 81' lang='lat' dir='ltr'>virtus,</span> <span class='ocrx_word' id='word_1_13' title='bbox 1143 506 1222 576; x_wconf 65' lang='lat' dir='ltr'>que</span> 
     </span>
     <span class='ocr_line' id='line_1_3' title="bbox 111 590 1220 675; baseline 0.003 -16"><span class='ocrx_word' id='word_1_14' title='bbox 111 595 149 660; x_wconf 89' lang='lat' dir='ltr'>in</span> <span class='ocrx_word' id='word_1_15' title='bbox 163 592 229 655; x_wconf 90' lang='lat' dir='ltr'>boc</span> <span class='ocrx_word' id='word_1_16' title='bbox 243 590 358 654; x_wconf 91' lang='lat' dir='ltr'>babitu</span> <span class='ocrx_word' id='word_1_17' title='bbox 372 590 449 674; x_wconf 90' lang='lat' dir='ltr'>plns</span> <span class='ocrx_word' id='word_1_18' title='bbox 462 591 595 654; x_wconf 85' lang='lat' dir='ltr'>terroris</span> <span class='ocrx_word' id='word_1_19' title='bbox 611 590 783 673; x_wconf 80' lang='lat' dir='ltr'>prmieras,</span> <span class='ocrx_word' id='word_1_20' title='bbox 794 611 897 675; x_wconf 86' lang='lat' dir='ltr'>quem</span> <span class='ocrx_word' id='word_1_21' title='bbox 907 591 1062 657; x_wconf 88' lang='lat' dir='ltr'>decoris!</span> <span class='ocrx_word' id='word_1_22' title='bbox 1100 594 1220 662; x_wconf 87' lang='lat' dir='ltr'>Secuti</span> 
     </span>
     <span class='ocr_line' id='line_1_4' title="bbox 110 692 1221 782; baseline 0.003 -22"><span class='ocrx_word' id='word_1_23' title='bbox 110 696 199 761; x_wconf 89' lang='lat' dir='ltr'>hunc</span> <span class='ocrx_word' id='word_1_24' title='bbox 221 694 376 759; x_wconf 90' lang='lat' dir='ltr'>ardorem</span> <span class='ocrx_word' id='word_1_25' title='bbox 396 692 572 758; x_wconf 83' lang='lat' dir='ltr'>fortissimi</span> <span class='ocrx_word' id='word_1_26' title='bbox 593 692 727 768; x_wconf 86' lang='lat' dir='ltr'>milites,</span> <span class='ocrx_word' id='word_1_27' title='bbox 747 701 784 758; x_wconf 89' lang='lat' dir='ltr'>et</span> <span class='ocrx_word' id='word_1_28' title='bbox 805 694 923 776; x_wconf 89' lang='lat' dir='ltr'>dignos</span> <span class='ocrx_word' id='word_1_29' title='bbox 943 714 981 759; x_wconf 84' lang='lat' dir='ltr'>se</span> <span class='ocrx_word' id='word_1_30' title='bbox 1002 695 1113 761; x_wconf 86' lang='lat' dir='ltr'>ductu</span> <span class='ocrx_word' id='word_1_31' title='bbox 1134 699 1221 782; x_wconf 85' lang='lat' dir='ltr'>ejus,</span> 
     </span>
     <span class='ocr_line' id='line_1_5' title="bbox 111 793 1222 885; baseline 0.004 -21"><span class='ocrx_word' id='word_1_32' title='bbox 111 800 320 884; x_wconf 91' lang='lat' dir='ltr'>imperioque</span> <span class='ocrx_word' id='word_1_33' title='bbox 340 796 468 870; x_wconf 83' lang='lat' dir='ltr'>testati,</span> <span class='ocrx_word' id='word_1_34' title='bbox 484 795 535 861; x_wconf 86' lang='lat' dir='ltr'>sio</span> <span class='ocrx_word' id='word_1_35' title='bbox 555 793 679 859; x_wconf 83' lang='lat' dir='ltr'>viritim</span> <span class='ocrx_word' id='word_1_36' title='bbox 701 795 947 876; x_wconf 84' lang='lat' dir='ltr'>laboraverunt,</span> <span class='ocrx_word' id='word_1_37' title='bbox 961 799 1063 885; x_wconf 86' lang='lat' dir='ltr'>quasi</span> <span class='ocrx_word' id='word_1_38' title='bbox 1086 819 1222 868; x_wconf 85' lang='lat' dir='ltr'>summa</span> 
     </span>
     <span class='ocr_line' id='line_1_6' title="bbox 110 901 687 983; baseline -0.01 -15"><span class='ocrx_word' id='word_1_39' title='bbox 110 920 164 968; x_wconf 86' lang='lat' dir='ltr'>res</span> <span class='ocrx_word' id='word_1_40' title='bbox 179 901 383 983; x_wconf 85' lang='lat' dir='ltr'>singulorum</span> <span class='ocrx_word' id='word_1_41' title='bbox 399 917 497 962; x_wconf 85' lang='lat' dir='ltr'>monn</span> <span class='ocrx_word' id='word_1_42' title='bbox 511 904 687 963; x_wconf 92' lang='lat' dir='ltr'>teneretur.</span> 
     </span>
    </p>

    <p class='ocr_par' dir='ltr' id='par_1_3' title="bbox 103 999 1223 2320">
     <span class='ocr_line' id='line_1_7' title="bbox 127 999 1222 1072; baseline 0.003 -3"><span class='ocrx_word' id='word_1_43' title='bbox 127 1007 132 1014; x_wconf 87' lang='lat'>&#39;</span> <span class='ocrx_word' id='word_1_44' title='bbox 154 1003 244 1070; x_wconf 73' lang='lat' dir='ltr'>Gar·</span> <span class='ocrx_word' id='word_1_45' title='bbox 268 1017 371 1065; x_wconf 77' lang='lat' dir='ltr'>xxx,</span> <span class='ocrx_word' id='word_1_46' title='bbox 408 1003 438 1065; x_wconf 91' lang='lat' dir='ltr'>l.</span> <span class='ocrx_word' id='word_1_47' title='bbox 466 999 543 1065; x_wconf 87' lang='lat' dir='ltr'>Non</span> <span class='ocrx_word' id='word_1_48' title='bbox 564 1002 835 1066; x_wconf 81' lang='lat' dir='ltr'><strong>commemorabo</strong></span> <span class='ocrx_word' id='word_1_49' title='bbox 852 1001 908 1067; x_wconf 89' lang='lat' dir='ltr'>bio</span> <span class='ocrx_word' id='word_1_50' title='bbox 923 1007 1035 1068; x_wconf 86' lang='lat' dir='ltr'>tectas</span> <span class='ocrx_word' id='word_1_51' title='bbox 1051 1007 1222 1072; x_wconf 87' lang='lat' dir='ltr'>contionis</span> 
     </span>
     <span class='ocr_line' id='line_1_8' title="bbox 111 1105 1223 1190; baseline 0 -15"><span class='ocrx_word' id='word_1_52' title='bbox 111 1108 281 1190; x_wconf 82' lang='lat' dir='ltr'>stragibus</span> <span class='ocrx_word' id='word_1_53' title='bbox 303 1107 406 1188; x_wconf 84' lang='lat' dir='ltr'>ripas,</span> <span class='ocrx_word' id='word_1_54' title='bbox 420 1123 489 1168; x_wconf 94' lang='lat' dir='ltr'>non</span> <span class='ocrx_word' id='word_1_55' title='bbox 511 1105 686 1188; x_wconf 90' lang='lat' dir='ltr'>oppletum</span> <span class='ocrx_word' id='word_1_56' title='bbox 706 1106 839 1170; x_wconf 86' lang='lat' dir='ltr'>acervis</span> <span class='ocrx_word' id='word_1_57' title='bbox 857 1122 1036 1189; x_wconf 89' lang='lat' dir='ltr'>corpomm</span> <span class='ocrx_word' id='word_1_58' title='bbox 1057 1107 1223 1189; x_wconf 80' lang='lat' dir='ltr'>Tiberim,</span> 
     </span>
     <span class='ocr_line' id='line_1_9' title="bbox 111 1206 1222 1290; baseline 0.001 -14"><span class='ocrx_word' id='word_1_59' title='bbox 111 1217 145 1276; x_wconf 88' lang='lat' dir='ltr'>et</span> <span class='ocrx_word' id='word_1_60' title='bbox 163 1210 249 1273; x_wconf 91' lang='lat' dir='ltr'>inter</span> <span class='ocrx_word' id='word_1_61' title='bbox 267 1219 443 1289; x_wconf 87' lang='lat' dir='ltr'>congestas</span> <span class='ocrx_word' id='word_1_62' title='bbox 463 1207 529 1271; x_wconf 89' lang='lat' dir='ltr'>alte</span> <span class='ocrx_word' id='word_1_63' title='bbox 544 1206 745 1272; x_wconf 86' lang='lat' dir='ltr'>cadaverum</span> <span class='ocrx_word' id='word_1_64' title='bbox 760 1207 867 1272; x_wconf 91' lang='lat' dir='ltr'>moles</span> <span class='ocrx_word' id='word_1_65' title='bbox 884 1227 973 1290; x_wconf 78' lang='lat' dir='ltr'>aegro</span> <span class='ocrx_word' id='word_1_66' title='bbox 986 1209 1085 1287; x_wconf 87' lang='lat' dir='ltr'>nixu,</span> <span class='ocrx_word' id='word_1_67' title='bbox 1101 1229 1146 1276; x_wconf 87' lang='lat' dir='ltr'>ac</span> <span class='ocrx_word' id='word_1_68' title='bbox 1161 1215 1222 1277; x_wconf 83' lang='lat' dir='ltr'>vix</span> 
     </span>
     <span class='ocr_line' id='line_1_10' title="bbox 111 1309 1221 1397; baseline 0 -18"><span class='ocrx_word' id='word_1_69' title='bbox 111 1309 337 1380; x_wconf 77' lang='lat' dir='ltr'>eluctantibus</span> <span class='ocrx_word' id='word_1_70' title='bbox 360 1309 552 1392; x_wconf 82' lang='lat' dir='ltr'>gurgitibus</span> <span class='ocrx_word' id='word_1_71' title='bbox 576 1313 774 1391; x_wconf 81' lang='lat' dir='ltr'>exeuntem3</span> <span class='ocrx_word' id='word_1_72' title='bbox 803 1309 962 1394; x_wconf 91' lang='lat' dir='ltr'>quodque</span> <span class='ocrx_word' id='word_1_73' title='bbox 983 1311 1080 1375; x_wconf 93' lang='lat' dir='ltr'>illum</span> <span class='ocrx_word' id='word_1_74' title='bbox 1106 1313 1221 1397; x_wconf 89' lang='lat' dir='ltr'>ipsum</span> 
     </span>
     <span class='ocr_line' id='line_1_11' title="bbox 103 1411 1222 1500; baseline 0.002 -21"><span class='ocrx_word' id='word_1_75' title='bbox 103 1421 289 1500; x_wconf 50' lang='lat' dir='ltr'>,tyrannum</span> <span class='ocrx_word' id='word_1_76' title='bbox 315 1430 381 1476; x_wconf 91' lang='lat' dir='ltr'>nou</span> <span class='ocrx_word' id='word_1_77' title='bbox 407 1431 503 1476; x_wconf 52' lang='lat' dir='ltr'>mors&gt;</span> <span class='ocrx_word' id='word_1_78' title='bbox 519 1411 637 1490; x_wconf 87' lang='lat' dir='ltr'>virilis,</span> <span class='ocrx_word' id='word_1_79' title='bbox 660 1412 721 1477; x_wconf 90' lang='lat' dir='ltr'>sed</span> <span class='ocrx_word' id='word_1_80' title='bbox 745 1412 829 1495; x_wconf 86' lang='lat' dir='ltr'>iuga</span> <span class='ocrx_word' id='word_1_81' title='bbox 858 1415 965 1497; x_wconf 87' lang='lat' dir='ltr'>turpis</span> <span class='ocrx_word' id='word_1_82' title='bbox 991 1413 1159 1498; x_wconf 82' lang='lat' dir='ltr'>prodidit,</span> <span class='ocrx_word' id='word_1_83' title='bbox 1188 1424 1222 1482; x_wconf 90' lang='lat' dir='ltr'>et</span> 
     </span>
     <span class='ocr_line' id='line_1_12' title="bbox 112 1513 1220 1607; baseline 0.004 -26"><span class='ocrx_word' id='word_1_84' title='bbox 112 1516 213 1599; x_wconf 90' lang='lat' dir='ltr'>digno</span> <span class='ocrx_word' id='word_1_85' title='bbox 237 1514 404 1607; x_wconf 70' lang='lat' dir='ltr'>ignauia*</span> <span class='ocrx_word' id='word_1_86' title='bbox 426 1520 459 1578; x_wconf 88' lang='lat' dir='ltr'>et</span> <span class='ocrx_word' id='word_1_87' title='bbox 485 1514 627 1579; x_wconf 86' lang='lat' dir='ltr'>saevitiae</span> <span class='ocrx_word' id='word_1_88' title='bbox 651 1516 750 1579; x_wconf 85' lang='lat' dir='ltr'>exitu</span> <span class='ocrx_word' id='word_1_89' title='bbox 774 1513 899 1580; x_wconf 88' lang='lat' dir='ltr'>fluetus</span> <span class='ocrx_word' id='word_1_90' title='bbox 919 1517 1100 1598; x_wconf 88' lang='lat' dir='ltr'>sanguinei</span> <span class='ocrx_word' id='word_1_91' title='bbox 1123 1539 1220 1585; x_wconf 86' lang='lat' dir='ltr'>neca·</span> 
     </span>
     <span class='ocr_line' id='line_1_13' title="bbox 112 1613 1223 1705; baseline 0.005 -23"><span class='ocrx_word' id='word_1_92' title='bbox 112 1625 244 1682; x_wconf 87' lang='lat' dir='ltr'>verunt.</span> <span class='ocrx_word' id='word_1_93' title='bbox 296 1615 329 1679; x_wconf 77' lang='lat'>2.</span> <span class='ocrx_word' id='word_1_94' title='bbox 351 1614 532 1698; x_wconf 90' lang='lat' dir='ltr'>Perstringi</span> <span class='ocrx_word' id='word_1_95' title='bbox 558 1616 633 1683; x_wconf 88' lang='lat' dir='ltr'>haec</span> <span class='ocrx_word' id='word_1_96' title='bbox 658 1619 740 1682; x_wconf 89' lang='lat' dir='ltr'>satis</span> <span class='ocrx_word' id='word_1_97' title='bbox 763 1624 826 1696; x_wconf 90' lang='lat' dir='ltr'>est,</span> <span class='ocrx_word' id='word_1_98' title='bbox 850 1619 943 1703; x_wconf 90' lang='lat' dir='ltr'>qnod</span> <span class='ocrx_word' id='word_1_99' title='bbox 965 1620 1071 1684; x_wconf 88' lang='lat' dir='ltr'>etiam</span> <span class='ocrx_word' id='word_1_100' title='bbox 1092 1613 1223 1705; x_wconf 72' lang='lat' dir='ltr'>pridie*</span> 
     </span>
     <span class='ocr_line' id='line_1_14' title="bbox 111 1716 1221 1807; baseline 0.005 -23"><span class='ocrx_word' id='word_1_101' title='bbox 111 1718 281 1805; x_wconf 82' lang='lat' dir='ltr'>prolixius</span> <span class='ocrx_word' id='word_1_102' title='bbox 303 1716 385 1782; x_wconf 81' lang='lat' dir='ltr'>milri</span> <span class='ocrx_word' id='word_1_103' title='bbox 407 1716 500 1782; x_wconf 88' lang='lat' dir='ltr'>diota</span> <span class='ocrx_word' id='word_1_104' title='bbox 521 1725 614 1795; x_wconf 86' lang='lat' dir='ltr'>sunt,</span> <span class='ocrx_word' id='word_1_105' title='bbox 631 1738 740 1803; x_wconf 89' lang='lat' dir='ltr'>neque</span> <span class='ocrx_word' id='word_1_106' title='bbox 758 1738 821 1805; x_wconf 90' lang='lat' dir='ltr'>pro</span> <span class='ocrx_word' id='word_1_107' title='bbox 842 1720 1006 1804; x_wconf 79' lang='lat' dir='ltr'>dignitate</span> <span class='ocrx_word' id='word_1_108' title='bbox 1021 1725 1153 1807; x_wconf 86' lang='lat' dir='ltr'>exequi</span> <span class='ocrx_word' id='word_1_109' title='bbox 1167 1745 1221 1790; x_wconf 81' lang='lat' dir='ltr'>oo-</span> 
     </span>
     <span class='ocr_line' id='line_1_15' title="bbox 111 1823 1220 1910; baseline 0.005 -23"><span class='ocrx_word' id='word_1_110' title='bbox 111 1823 170 1907; x_wconf 89' lang='lat' dir='ltr'>pia</span> <span class='ocrx_word' id='word_1_111' title='bbox 192 1829 257 1899; x_wconf 88' lang='lat' dir='ltr'>est,</span> <span class='ocrx_word' id='word_1_112' title='bbox 273 1827 308 1885; x_wconf 91' lang='lat' dir='ltr'>et</span> <span class='ocrx_word' id='word_1_113' title='bbox 329 1840 372 1884; x_wconf 92' lang='lat' dir='ltr'>ne</span> <span class='ocrx_word' id='word_1_114' title='bbox 388 1839 513 1903; x_wconf 88' lang='lat' dir='ltr'>pugna,</span> <span class='ocrx_word' id='word_1_115' title='bbox 529 1823 651 1906; x_wconf 89' lang='lat' dir='ltr'>raptim</span> <span class='ocrx_word' id='word_1_116' title='bbox 667 1830 774 1905; x_wconf 89' lang='lat' dir='ltr'>gesta,</span> <span class='ocrx_word' id='word_1_117' title='bbox 799 1823 928 1888; x_wconf 88' lang='lat' dir='ltr'>diutius</span> <span class='ocrx_word' id='word_1_118' title='bbox 947 1831 1094 1904; x_wconf 84' lang='lat' dir='ltr'>narratu,</span> <span class='ocrx_word' id='word_1_119' title='bbox 1118 1847 1220 1910; x_wconf 88' lang='lat' dir='ltr'>quum</span> 
     </span>
     <span class='ocr_line' id='line_1_16' title="bbox 111 1920 1221 2015; baseline 0.004 -26"><span class='ocrx_word' id='word_1_120' title='bbox 111 1925 275 2001; x_wconf 85' lang='lat' dir='ltr'>coniecta,</span> <span class='ocrx_word' id='word_1_121' title='bbox 289 1922 452 2015; x_wconf 85' lang='lat' dir='ltr'>videatur.</span> <span class='ocrx_word' id='word_1_122' title='bbox 495 1922 528 1988; x_wconf 83' lang='lat'>3.</span> <span class='ocrx_word' id='word_1_123' title='bbox 551 1920 582 1986; x_wconf 92' lang='lat'>0</span> <span class='ocrx_word' id='word_1_124' title='bbox 598 1926 628 1989; x_wconf 91' lang='lat' dir='ltr'>si</span> <span class='ocrx_word' id='word_1_125' title='bbox 643 1944 731 1989; x_wconf 85' lang='lat' dir='ltr'>nnnc</span> <span class='ocrx_word' id='word_1_126' title='bbox 745 1925 827 1989; x_wconf 92' lang='lat' dir='ltr'>mibi</span> <span class='ocrx_word' id='word_1_127' title='bbox 840 1924 986 1992; x_wconf 81' lang='lat' dir='ltr'>facultas</span> <span class='ocrx_word' id='word_1_128' title='bbox 1002 1924 1141 1992; x_wconf 89' lang='lat' dir='ltr'>daretur</span> <span class='ocrx_word' id='word_1_129' title='bbox 1155 1947 1221 1993; x_wconf 89' lang='lat' dir='ltr'>ser·</span> 
     </span>
     <span class='ocr_line' id='line_1_17' title="bbox 111 2026 1221 2112; baseline 0.001 -19"><span class='ocrx_word' id='word_1_130' title='bbox 111 2028 222 2094; x_wconf 89' lang='lat' dir='ltr'>monis</span> <span class='ocrx_word' id='word_1_131' title='bbox 250 2047 313 2112; x_wconf 93' lang='lat' dir='ltr'>pro</span> <span class='ocrx_word' id='word_1_132' title='bbox 342 2046 451 2091; x_wconf 91' lang='lat' dir='ltr'>rernm</span> <span class='ocrx_word' id='word_1_133' title='bbox 480 2026 642 2110; x_wconf 90' lang='lat' dir='ltr'>dignitate</span> <span class='ocrx_word' id='word_1_134' title='bbox 668 2026 852 2111; x_wconf 79' lang='lat' dir='ltr'>figurandi!</span> <span class='ocrx_word' id='word_1_135' title='bbox 882 2027 1074 2094; x_wconf 88' lang='lat' dir='ltr'>adhiberem</span> <span class='ocrx_word' id='word_1_136' title='bbox 1100 2041 1221 2094; x_wconf 87' lang='lat' dir='ltr'>omnes</span> 
     </span>
     <span class='ocr_line' id='line_1_18' title="bbox 111 2127 1221 2217; baseline 0 -19"><span class='ocrx_word' id='word_1_137' title='bbox 111 2132 286 2203; x_wconf 88' lang='lat' dir='ltr'>flosculos,</span> <span class='ocrx_word' id='word_1_138' title='bbox 301 2138 335 2195; x_wconf 94' lang='lat' dir='ltr'>et</span> <span class='ocrx_word' id='word_1_139' title='bbox 357 2130 511 2194; x_wconf 85' lang='lat' dir='ltr'>abuterer</span> <span class='ocrx_word' id='word_1_140' title='bbox 531 2129 704 2214; x_wconf 86' lang='lat' dir='ltr'>exquisito</span> <span class='ocrx_word' id='word_1_141' title='bbox 726 2127 874 2214; x_wconf 82' lang='lat' dir='ltr'>quodam</span> <span class='ocrx_word' id='word_1_142' title='bbox 894 2130 1019 2217; x_wconf 88' lang='lat' dir='ltr'>lepore,</span> <span class='ocrx_word' id='word_1_143' title='bbox 1035 2151 1079 2196; x_wconf 85' lang='lat' dir='ltr'>ac</span> <span class='ocrx_word' id='word_1_144' title='bbox 1098 2152 1221 2198; x_wconf 86' lang='lat' dir='ltr'>venus·</span> 
     </span>
     <span class='ocr_line' id='line_1_19' title="bbox 112 2231 1220 2320; baseline 0 -20"><span class='ocrx_word' id='word_1_145' title='bbox 112 2241 184 2300; x_wconf 89' lang='lat' dir='ltr'>tate</span> <span class='ocrx_word' id='word_1_146' title='bbox 204 2232 349 2298; x_wconf 91' lang='lat' dir='ltr'>dicendi.</span> <span class='ocrx_word' id='word_1_147' title='bbox 393 2235 425 2295; x_wconf 87' lang='grc'>4.</span> <span class='ocrx_word' id='word_1_148' title='bbox 448 2231 472 2295; x_wconf 83' lang='lat' dir='ltr'><strong>J</strong></span> <span class='ocrx_word' id='word_1_149' title='bbox 474 2251 528 2296; x_wconf 88' lang='lat' dir='ltr'>am</span> <span class='ocrx_word' id='word_1_150' title='bbox 545 2233 703 2316; x_wconf 87' lang='lat' dir='ltr'>strepitus</span> <span class='ocrx_word' id='word_1_151' title='bbox 718 2234 844 2313; x_wconf 83' lang='lat' dir='ltr'>Martii,</span> <span class='ocrx_word' id='word_1_152' title='bbox 855 2233 928 2320; x_wconf 87' lang='lat' dir='ltr'>jam</span> <span class='ocrx_word' id='word_1_153' title='bbox 944 2234 1101 2300; x_wconf 90' lang='lat' dir='ltr'>tubarum</span> <span class='ocrx_word' id='word_1_154' title='bbox 1117 2255 1220 2300; x_wconf 80' lang='lat' dir='ltr'>sono</span> 
     </span>
    </p>

    <p class='ocr_par' dir='ltr' id='par_1_4' title="bbox 90 2328 1221 2412">
     <span class='ocr_line' id='line_1_20' title="bbox 90 2328 1221 2412; baseline 0.003 -12"><span class='ocrx_word' id='word_1_155' title='bbox 90 2328 93 2331; x_wconf 61' lang='grc'><em>’</em></span> <span class='ocrx_word' id='word_1_156' title='bbox 113 2355 165 2401; x_wconf 90' lang='lat' dir='ltr'>res</span> <span class='ocrx_word' id='word_1_157' title='bbox 179 2335 313 2400; x_wconf 84' lang='lat' dir='ltr'>festivis</span> <span class='ocrx_word' id='word_1_158' title='bbox 329 2335 484 2412; x_wconf 87' lang='lat' dir='ltr'>vocibus,</span> <span class='ocrx_word' id='word_1_159' title='bbox 500 2340 535 2399; x_wconf 90' lang='lat' dir='ltr'>et</span> <span class='ocrx_word' id='word_1_160' title='bbox 548 2334 726 2400; x_wconf 86' lang='lat' dir='ltr'>resultanti</span> <span class='ocrx_word' id='word_1_161' title='bbox 741 2336 857 2401; x_wconf 85' lang='lat' dir='ltr'>favore</span> <span class='ocrx_word' id='word_1_162' title='bbox 873 2343 1051 2402; x_wconf 84' lang='lat' dir='ltr'>mutantur.</span> <span class='ocrx_word' id='word_1_163' title='bbox 1096 2336 1221 2403; x_wconf 87' lang='lat' dir='ltr'>Dicen·</span> 
     </span>
    </p>
   </div>
   <div class='ocr_carea' id='block_1_3' title="bbox 578 2499 750 2521">
    <p class='ocr_par' dir='ltr' id='par_1_5' title="bbox 578 2499 750 2521">
     <span class='ocr_line' id='line_1_21' title="bbox 578 2499 750 2521; baseline -0.006 -2"><span class='ocrx_word' id='word_1_164' title='bbox 578 2499 732 2519; x_wconf 62' lang='grc' dir='ltr'>ΜΜΝΝ</span> <span class='ocrx_word' id='word_1_165' title='bbox 735 2501 750 2521; x_wconf 73' lang='lat'><em>0</em></span> 
     </span>
    </p>
   </div>
   <div class='ocr_carea' id='block_1_4' title="bbox 109 2613 1225 3593">
    <p class='ocr_par' dir='ltr' id='par_1_6' title="bbox 111 2613 1225 2812">
     <span class='ocr_line' id='line_1_22' title="bbox 113 2613 1225 2682; baseline 0 -16"><span class='ocrx_word' id='word_1_166' title='bbox 113 2617 247 2681; x_wconf 78' lang='lat' dir='ltr'>‘Guelpb</span> <span class='ocrx_word' id='word_1_167' title='bbox 259 2614 361 2672; x_wconf 87' lang='lat' dir='ltr'>vitiose,</span> <span class='ocrx_word' id='word_1_168' title='bbox 379 2629 444 2665; x_wconf 81' lang='lat' dir='ltr'>secus</span> <span class='ocrx_word' id='word_1_169' title='bbox 461 2613 580 2678; x_wconf 67' lang='lat' dir='ltr'>proterit!</span> <span class='ocrx_word' id='word_1_170' title='bbox 598 2615 740 2666; x_wconf 74' lang='lat' dir='ltr'>Arata-6</span> <span class='ocrx_word' id='word_1_171' title='bbox 755 2616 822 2664; x_wconf 86' lang='lat' dir='ltr'>Voe.</span> <span class='ocrx_word' id='word_1_172' title='bbox 837 2616 952 2679; x_wconf 77' lang='lat' dir='ltr'>prusenus</span> <span class='ocrx_word' id='word_1_173' title='bbox 967 2614 1044 2665; x_wconf 85' lang='lat' dir='ltr'>deest</span> <span class='ocrx_word' id='word_1_174' title='bbox 1064 2615 1092 2665; x_wconf 92' lang='lat' dir='ltr'>in</span> <span class='ocrx_word' id='word_1_175' title='bbox 1110 2616 1225 2682; x_wconf 83' lang='lat' dir='ltr'>Guelpb.</span> 
     </span>
     <span class='ocr_line' id='line_1_23' title="bbox 111 2680 1222 2743; baseline 0.002 -10"><span class='ocrx_word' id='word_1_176' title='bbox 111 2686 185 2733; x_wconf 74' lang='lat' dir='ltr'>monn</span> <span class='ocrx_word' id='word_1_177' title='bbox 194 2685 313 2731; x_wconf 60' lang='lat' dir='ltr'>nitantur</span> <span class='ocrx_word' id='word_1_178' title='bbox 323 2682 431 2743; x_wconf 86' lang='lat' dir='ltr'>Cuspio.</span> <span class='ocrx_word' id='word_1_179' title='bbox 444 2681 523 2731; x_wconf 85' lang='lat' dir='ltr'>Grut.</span> <span class='ocrx_word' id='word_1_180' title='bbox 533 2692 561 2732; x_wconf 90' lang='lat' dir='ltr'>et</span> <span class='ocrx_word' id='word_1_181' title='bbox 573 2689 686 2731; x_wconf 91' lang='lat' dir='ltr'>recentt.</span> <span class='ocrx_word' id='word_1_182' title='bbox 702 2697 735 2730; x_wconf 89' lang='lat' dir='ltr'>m.</span> <span class='ocrx_word' id='word_1_183' title='bbox 749 2685 871 2732; x_wconf 78' lang='lat' dir='ltr'>teneretur</span> <span class='ocrx_word' id='word_1_184' title='bbox 889 2680 960 2732; x_wconf 80' lang='lat' dir='ltr'>(ind.</span> <span class='ocrx_word' id='word_1_185' title='bbox 979 2681 1099 2732; x_wconf 84' lang='lat' dir='ltr'>Rhenan.</span> <span class='ocrx_word' id='word_1_186' title='bbox 1115 2684 1222 2735; x_wconf 87' lang='lat' dir='ltr'>Puteol.</span> 
     </span>
     <span class='ocr_line' id='line_1_24' title="bbox 112 2747 472 2812; baseline -0.014 -11"><span class='ocrx_word' id='word_1_187' title='bbox 112 2749 204 2812; x_wconf 79' lang='lat' dir='ltr'>Steplr.</span> <span class='ocrx_word' id='word_1_188' title='bbox 216 2750 300 2798; x_wconf 83' lang='lat' dir='ltr'>Lirin.</span> <span class='ocrx_word' id='word_1_189' title='bbox 312 2747 398 2797; x_wconf 79' lang='lat' dir='ltr'>Rivin.</span> <span class='ocrx_word' id='word_1_190' title='bbox 411 2750 435 2795; x_wconf 92' lang='grc'><strong>1.</strong></span> <span class='ocrx_word' id='word_1_191' title='bbox 448 2751 472 2796; x_wconf 79' lang='grc'><strong>2.</strong></span> 
     </span>
    </p>

    <p class='ocr_par' dir='ltr' id='par_1_7' title="bbox 109 2809 1225 3593">
     <span class='ocr_line' id='line_1_25' title="bbox 114 2809 1224 2874; baseline -0.001 -10"><span class='ocrx_word' id='word_1_192' title='bbox 114 2819 117 2822; x_wconf 84' lang='grc'><strong>’</strong></span> <span class='ocrx_word' id='word_1_193' title='bbox 147 2815 295 2865; x_wconf 67' lang='grc' dir='ltr'><strong>ΟΑΜΧΧ.</strong></span> <span class='ocrx_word' id='word_1_194' title='bbox 328 2812 463 2861; x_wconf 89' lang='lat' dir='ltr'>lBertiu.</span> <span class='ocrx_word' id='word_1_195' title='bbox 480 2809 617 2874; x_wconf 77' lang='lat' dir='ltr'>egroniut.</span> <span class='ocrx_word' id='word_1_196' title='bbox 644 2811 756 2872; x_wconf 85' lang='lat' dir='ltr'>Gnelph.</span> <span class='ocrx_word' id='word_1_197' title='bbox 770 2813 1224 2874; x_wconf 76' lang='lat' dir='ltr'>exeuntemque....nonmorunioiri·</span> 
     </span>
     <span class='ocr_line' id='line_1_26' title="bbox 113 2875 1224 2940; baseline -0.001 -12"><span class='ocrx_word' id='word_1_198' title='bbox 113 2876 153 2929; x_wconf 85' lang='lat' dir='ltr'>iis.</span> <span class='ocrx_word' id='word_1_199' title='bbox 188 2878 254 2928; x_wconf 89' lang='lat' dir='ltr'>Edd.</span> <span class='ocrx_word' id='word_1_200' title='bbox 266 2884 326 2926; x_wconf 83' lang='lat' dir='ltr'>aute</span> <span class='ocrx_word' id='word_1_201' title='bbox 339 2876 464 2927; x_wconf 79' lang='lat' dir='ltr'>Arutaen.</span> <span class='ocrx_word' id='word_1_202' title='bbox 478 2882 504 2925; x_wconf 89' lang='lat' dir='ltr'>et</span> <span class='ocrx_word' id='word_1_203' title='bbox 520 2877 620 2936; x_wconf 62' lang='lat' dir='ltr'>tignum</span> <span class='ocrx_word' id='word_1_204' title='bbox 636 2875 760 2936; x_wconf 60' lang='lat' dir='ltr'>ignnoim</span> <span class='ocrx_word' id='word_1_205' title='bbox 777 2878 839 2927; x_wconf 80' lang='lat' dir='ltr'>Vet.</span> <span class='ocrx_word' id='word_1_206' title='bbox 850 2876 962 2926; x_wconf 78' lang='lat' dir='ltr'>Puteun.</span> <span class='ocrx_word' id='word_1_207' title='bbox 978 2888 1005 2924; x_wconf 87' lang='lat' dir='ltr'>et</span> <span class='ocrx_word' id='word_1_208' title='bbox 1022 2875 1095 2926; x_wconf 84' lang='lat' dir='ltr'>Gud.</span> <span class='ocrx_word' id='word_1_209' title='bbox 1110 2883 1136 2927; x_wconf 89' lang='lat' dir='ltr'>et</span> <span class='ocrx_word' id='word_1_210' title='bbox 1150 2880 1224 2940; x_wconf 75' lang='lat' dir='ltr'>digno</span> 
     </span>
     <span class='ocr_line' id='line_1_27' title="bbox 112 2940 1222 3007; baseline 0 -15"><span class='ocrx_word' id='word_1_211' title='bbox 112 2945 226 3007; x_wconf 78' lang='lat' dir='ltr'>ignavie.</span> <span class='ocrx_word' id='word_1_212' title='bbox 252 2943 365 3005; x_wconf 85' lang='lat' dir='ltr'>Guelpb.</span> <span class='ocrx_word' id='word_1_213' title='bbox 383 2950 406 2991; x_wconf 89' lang='lat' dir='ltr'>et</span> <span class='ocrx_word' id='word_1_214' title='bbox 416 2940 518 2989; x_wconf 73' lang='lat' dir='ltr'>sevitie</span> <span class='ocrx_word' id='word_1_215' title='bbox 528 2940 669 2990; x_wconf 78' lang='lat' dir='ltr'>exiens—2</span> <span class='ocrx_word' id='word_1_216' title='bbox 683 2941 751 2990; x_wconf 90' lang='lat' dir='ltr'>Edd.</span> <span class='ocrx_word' id='word_1_217' title='bbox 762 2950 828 2992; x_wconf 83' lang='lat' dir='ltr'>vett.</span> <span class='ocrx_word' id='word_1_218' title='bbox 845 2943 905 3004; x_wconf 77' lang='lat' dir='ltr'>qaod</span> <span class='ocrx_word' id='word_1_219' title='bbox 916 2946 940 2990; x_wconf 87' lang='lat' dir='ltr'>et</span> <span class='ocrx_word' id='word_1_220' title='bbox 948 2940 1026 3007; x_wconf 85' lang='lat' dir='ltr'>pridie</span> <span class='ocrx_word' id='word_1_221' title='bbox 1031 2956 1040 2998; x_wconf 75' lang='lat'>,¹</span> <span class='ocrx_word' id='word_1_222' title='bbox 1059 2942 1152 2996; x_wconf 77' lang='lat' dir='ltr'>Moeri.</span> <span class='ocrx_word' id='word_1_223' title='bbox 1160 2944 1222 2992; x_wconf 79' lang='lat' dir='ltr'>Ver.</span> 
     </span>
     <span class='ocr_line' id='line_1_28' title="bbox 114 3005 1225 3072; baseline -0.002 -13"><span class='ocrx_word' id='word_1_224' title='bbox 114 3011 200 3060; x_wconf 80' lang='lat' dir='ltr'>Livio.</span> <span class='ocrx_word' id='word_1_225' title='bbox 213 3009 326 3072; x_wconf 86' lang='lat' dir='ltr'>Gnelpb.</span> <span class='ocrx_word' id='word_1_226' title='bbox 342 3007 487 3072; x_wconf 80' lang='lat' dir='ltr'>quodetiam</span> <span class='ocrx_word' id='word_1_227' title='bbox 501 3007 596 3066; x_wconf 84' lang='lat' dir='ltr'>pridie‚·</span> <span class='ocrx_word' id='word_1_228' title='bbox 611 3005 695 3055; x_wconf 76' lang='lat' dir='ltr'>Lirin.</span> <span class='ocrx_word' id='word_1_229' title='bbox 709 3008 777 3070; x_wconf 88' lang='lat' dir='ltr'>conj.</span> <span class='ocrx_word' id='word_1_230' title='bbox 793 3013 817 3056; x_wconf 87' lang='lat' dir='ltr'>et</span> <span class='ocrx_word' id='word_1_231' title='bbox 826 3008 887 3071; x_wconf 80' lang='lat' dir='ltr'>quod</span> <span class='ocrx_word' id='word_1_232' title='bbox 896 3005 951 3066; x_wconf 78' lang='lat' dir='ltr'>juria</span> <span class='ocrx_word' id='word_1_233' title='bbox 961 3008 1054 3071; x_wconf 82' lang='lat' dir='ltr'>pridem</span> <span class='ocrx_word' id='word_1_234' title='bbox 1060 3022 1072 3064; x_wconf 91' lang='lat'>,·</span> <span class='ocrx_word' id='word_1_235' title='bbox 1087 3005 1118 3055; x_wconf 76' lang='lat' dir='ltr'>ri</span> <span class='ocrx_word' id='word_1_236' title='bbox 1133 3009 1225 3070; x_wconf 77' lang='lat' dir='ltr'>pridem</span> 
     </span>
     <span class='ocr_line' id='line_1_29' title="bbox 113 3070 1224 3138; baseline -0.001 -14"><span class='ocrx_word' id='word_1_237' title='bbox 113 3076 214 3138; x_wconf 79' lang='lat' dir='ltr'>placuit</span> <span class='ocrx_word' id='word_1_238' title='bbox 226 3075 304 3123; x_wconf 84' lang='lat' dir='ltr'>etiem</span> <span class='ocrx_word' id='word_1_239' title='bbox 317 3071 435 3122; x_wconf 87' lang='lat' dir='ltr'>Acidalio</span> <span class='ocrx_word' id='word_1_240' title='bbox 448 3086 478 3120; x_wconf 88' lang='lat' dir='ltr'>ae</span> <span class='ocrx_word' id='word_1_241' title='bbox 488 3070 600 3126; x_wconf 74' lang='lat' dir='ltr'>Beuum,</span> <span class='ocrx_word' id='word_1_242' title='bbox 618 3076 805 3136; x_wconf 86' lang='lat' dir='ltr'>receptumque</span> <span class='ocrx_word' id='word_1_243' title='bbox 820 3073 845 3120; x_wconf 91' lang='lat' dir='ltr'>iu</span> <span class='ocrx_word' id='word_1_244' title='bbox 862 3081 963 3121; x_wconf 86' lang='lat' dir='ltr'>textum</span> <span class='ocrx_word' id='word_1_245' title='bbox 978 3079 1018 3121; x_wconf 87' lang='lat' dir='ltr'>est</span> <span class='ocrx_word' id='word_1_246' title='bbox 1036 3071 1224 3123; x_wconf 74' lang='lat' dir='ltr'>sacellario.-</span> 
     </span>
     <span class='ocr_line' id='line_1_30' title="bbox 114 3135 1223 3202; baseline -0.004 -12"><span class='ocrx_word' id='word_1_247' title='bbox 114 3143 130 3190; x_wconf 79' lang='lat'><em>8</em></span> <span class='ocrx_word' id='word_1_248' title='bbox 149 3140 256 3189; x_wconf 79' lang='lat' dir='ltr'>‘Moerl</span> <span class='ocrx_word' id='word_1_249' title='bbox 269 3139 400 3198; x_wconf 82' lang='lat' dir='ltr'>mendose,</span> <span class='ocrx_word' id='word_1_250' title='bbox 416 3135 537 3197; x_wconf 82' lang='lat' dir='ltr'>dignitate</span> <span class='ocrx_word' id='word_1_251' title='bbox 552 3138 693 3199; x_wconf 79' lang='lat' dir='ltr'>perorando.</span> <span class='ocrx_word' id='word_1_252' title='bbox 726 3137 853 3186; x_wconf 86' lang='lat' dir='ltr'>Vitiosius</span> <span class='ocrx_word' id='word_1_253' title='bbox 867 3137 952 3187; x_wconf 80' lang='lat' dir='ltr'>adime</span> <span class='ocrx_word' id='word_1_254' title='bbox 963 3137 1033 3187; x_wconf 77' lang='lat' dir='ltr'>(lod.</span> <span class='ocrx_word' id='word_1_255' title='bbox 1050 3138 1140 3200; x_wconf 75' lang='lat' dir='ltr'>exequi</span> <span class='ocrx_word' id='word_1_256' title='bbox 1157 3139 1223 3202; x_wconf 82' lang='lat' dir='ltr'>copia</span> 
     </span>
     <span class='ocr_line' id='line_1_31' title="bbox 115 3200 1224 3268; baseline -0.005 -13"><span class='ocrx_word' id='word_1_257' title='bbox 115 3209 151 3255; x_wconf 83' lang='lat' dir='ltr'>ert</span> <span class='ocrx_word' id='word_1_258' title='bbox 165 3206 292 3268; x_wconf 84' lang='lat' dir='ltr'>perorandi</span> <span class='ocrx_word' id='word_1_259' title='bbox 303 3201 455 3253; x_wconf 68' lang='lat' dir='ltr'>adhiberem!</span> <span class='ocrx_word' id='word_1_260' title='bbox 471 3200 570 3262; x_wconf 84' lang='lat' dir='ltr'>Jaeger.</span> <span class='ocrx_word' id='word_1_261' title='bbox 599 3203 606 3228; x_wconf 90' lang='lat'>‘</span> <span class='ocrx_word' id='word_1_262' title='bbox 620 3206 737 3252; x_wconf 83' lang='lat' dir='ltr'>uetustate</span> <span class='ocrx_word' id='word_1_263' title='bbox 747 3202 842 3251; x_wconf 71' lang='lat' dir='ltr'>timendi</span> <span class='ocrx_word' id='word_1_264' title='bbox 854 3202 956 3251; x_wconf 86' lang='lat' dir='ltr'>Puteoi.</span> <span class='ocrx_word' id='word_1_265' title='bbox 969 3202 1090 3252; x_wconf 79' lang='lat' dir='ltr'>Rbeuan.</span> <span class='ocrx_word' id='word_1_266' title='bbox 1101 3201 1192 3254; x_wconf 86' lang='lat' dir='ltr'>Rivin.</span> <span class='ocrx_word' id='word_1_267' title='bbox 1201 3207 1224 3251; x_wconf 89' lang='lat' dir='ltr'>l.</span> 
     </span>
     <span class='ocr_line' id='line_1_32' title="bbox 114 3266 1225 3333; baseline -0.003 -14"><span class='ocrx_word' id='word_1_268' title='bbox 114 3276 239 3320; x_wconf 76' lang='lat' dir='ltr'>venustate</span> <span class='ocrx_word' id='word_1_269' title='bbox 250 3270 306 3333; x_wconf 82' lang='lat' dir='ltr'>jam</span> <span class='ocrx_word' id='word_1_270' title='bbox 319 3269 393 3318; x_wconf 86' lang='lat' dir='ltr'>dedit</span> <span class='ocrx_word' id='word_1_271' title='bbox 405 3267 441 3316; x_wconf 88' lang='grc' dir='ltr'>Η.</span> <span class='ocrx_word' id='word_1_272' title='bbox 454 3267 546 3326; x_wconf 85' lang='lat' dir='ltr'>Stepb.</span> <span class='ocrx_word' id='word_1_273' title='bbox 559 3272 586 3316; x_wconf 80' lang='lat' dir='ltr'>et</span> <span class='ocrx_word' id='word_1_274' title='bbox 602 3267 638 3315; x_wconf 85' lang='lat' dir='ltr'>im</span> <span class='ocrx_word' id='word_1_275' title='bbox 657 3266 772 3330; x_wconf 83' lang='lat' dir='ltr'>Guelplr.</span> <span class='ocrx_word' id='word_1_276' title='bbox 785 3275 812 3317; x_wconf 88' lang='lat' dir='ltr'>et</span> <span class='ocrx_word' id='word_1_277' title='bbox 824 3267 888 3317; x_wconf 81' lang='lat' dir='ltr'>Ero.</span> <span class='ocrx_word' id='word_1_278' title='bbox 905 3267 1053 3331; x_wconf 85' lang='lat' dir='ltr'>Scbonbor.</span> <span class='ocrx_word' id='word_1_279' title='bbox 1066 3276 1152 3317; x_wconf 87' lang='lat' dir='ltr'>reete.</span> <span class='ocrx_word' id='word_1_280' title='bbox 1185 3266 1225 3317; x_wconf 84' lang='lat' dir='ltr'>Ci.</span> 
     </span>
     <span class='ocr_line' id='line_1_33' title="bbox 116 3330 1225 3395; baseline -0.003 -10"><span class='ocrx_word' id='word_1_281' title='bbox 116 3335 173 3385; x_wconf 88' lang='lat' dir='ltr'>Cic.</span> <span class='ocrx_word' id='word_1_282' title='bbox 185 3335 217 3382; x_wconf 90' lang='lat' dir='ltr'>de</span> <span class='ocrx_word' id='word_1_283' title='bbox 230 3335 307 3384; x_wconf 85' lang='lat' dir='ltr'>Orat.</span> <span class='ocrx_word' id='word_1_284' title='bbox 324 3331 404 3384; x_wconf 80' lang='grc' dir='ltr'><strong>ι.31.’</strong></span> <span class='ocrx_word' id='word_1_285' title='bbox 419 3330 584 3394; x_wconf 68' lang='lat' dir='ltr'>Aratum—d</span> <span class='ocrx_word' id='word_1_286' title='bbox 603 3331 722 3381; x_wconf 84' lang='lat' dir='ltr'>Rhenan·</span> <span class='ocrx_word' id='word_1_287' title='bbox 740 3333 775 3383; x_wconf 89' lang='grc' dir='ltr'>Η.</span> <span class='ocrx_word' id='word_1_288' title='bbox 792 3333 882 3395; x_wconf 88' lang='lat' dir='ltr'>Stepb.</span> <span class='ocrx_word' id='word_1_289' title='bbox 902 3333 987 3382; x_wconf 77' lang='lat' dir='ltr'>ltivin.</span> <span class='ocrx_word' id='word_1_290' title='bbox 1008 3333 1113 3381; x_wconf 86' lang='lat' dir='ltr'>Puteol.</span> <span class='ocrx_word' id='word_1_291' title='bbox 1130 3346 1225 3382; x_wconf 75' lang='lat' dir='ltr'>macres</span> 
     </span>
     <span class='ocr_line' id='line_1_34' title="bbox 109 3396 1225 3460; baseline -0.004 -10"><span class='ocrx_word' id='word_1_292' title='bbox 109 3399 191 3460; x_wconf 74' lang='lat' dir='ltr'>festus</span> <span class='ocrx_word' id='word_1_293' title='bbox 201 3405 224 3447; x_wconf 87' lang='lat' dir='ltr'>et</span> <span class='ocrx_word' id='word_1_294' title='bbox 236 3399 363 3448; x_wconf 81' lang='lat' dir='ltr'>resultanti</span> <span class='ocrx_word' id='word_1_295' title='bbox 368 3414 379 3456; x_wconf 88' lang='lat'>,·</span> <span class='ocrx_word' id='word_1_296' title='bbox 400 3398 481 3446; x_wconf 80' lang='lat' dir='ltr'>Lirin.</span> <span class='ocrx_word' id='word_1_297' title='bbox 494 3397 527 3444; x_wconf 90' lang='grc' dir='ltr'>Ρ.</span> <span class='ocrx_word' id='word_1_298' title='bbox 540 3396 632 3457; x_wconf 83' lang='lat' dir='ltr'>Steplr.</span> <span class='ocrx_word' id='word_1_299' title='bbox 650 3411 754 3453; x_wconf 75' lang='lat' dir='ltr'>sonores,</span> <span class='ocrx_word' id='word_1_300' title='bbox 765 3399 840 3458; x_wconf 69' lang='lat' dir='ltr'>sestis</span> <span class='ocrx_word' id='word_1_301' title='bbox 852 3398 963 3458; x_wconf 68' lang='lat' dir='ltr'>oociiusg</span> <span class='ocrx_word' id='word_1_302' title='bbox 979 3396 1095 3459; x_wconf 80' lang='lat' dir='ltr'>Guelplr.</span> <span class='ocrx_word' id='word_1_303' title='bbox 1110 3398 1166 3447; x_wconf 78' lang='lat' dir='ltr'>soni</span> <span class='ocrx_word' id='word_1_304' title='bbox 1174 3398 1225 3459; x_wconf 80' lang='lat' dir='ltr'>set·</span> 
     </span>
     <span class='ocr_line' id='line_1_35' title="bbox 116 3459 1224 3523; baseline -0.004 -9"><span class='ocrx_word' id='word_1_305' title='bbox 116 3467 148 3515; x_wconf 88' lang='lat' dir='ltr'>tis</span> <span class='ocrx_word' id='word_1_306' title='bbox 155 3480 165 3522; x_wconf 91' lang='lat'>,·</span> <span class='ocrx_word' id='word_1_307' title='bbox 182 3465 243 3513; x_wconf 83' lang='lat' dir='ltr'>Vet.</span> <span class='ocrx_word' id='word_1_308' title='bbox 257 3465 370 3513; x_wconf 85' lang='lat' dir='ltr'>Putean.</span> <span class='ocrx_word' id='word_1_309' title='bbox 382 3463 469 3511; x_wconf 86' lang='lat' dir='ltr'>Moeri.</span> <span class='ocrx_word' id='word_1_310' title='bbox 480 3459 554 3520; x_wconf 79' lang='lat' dir='ltr'>sestis</span> <span class='ocrx_word' id='word_1_311' title='bbox 561 3478 571 3519; x_wconf 87' lang='lat'>,·</span> <span class='ocrx_word' id='word_1_312' title='bbox 587 3462 696 3523; x_wconf 81' lang='lat' dir='ltr'>Cuspio.</span> <span class='ocrx_word' id='word_1_313' title='bbox 712 3465 773 3512; x_wconf 81' lang='lat' dir='ltr'>Exc.</span> <span class='ocrx_word' id='word_1_314' title='bbox 785 3464 929 3512; x_wconf 84' lang='lat' dir='ltr'>Scboubov.</span> <span class='ocrx_word' id='word_1_315' title='bbox 943 3464 1021 3512; x_wconf 84' lang='lat' dir='ltr'>Grut.</span> <span class='ocrx_word' id='word_1_316' title='bbox 1032 3462 1119 3512; x_wconf 85' lang='lat' dir='ltr'>Paris.</span> <span class='ocrx_word' id='word_1_317' title='bbox 1130 3463 1224 3512; x_wconf 88' lang='lat' dir='ltr'>Ceiiar.</span> 
     </span>
     <span class='ocr_line' id='line_1_36' title="bbox 115 3525 1225 3593; baseline -0.002 -13"><span class='ocrx_word' id='word_1_318' title='bbox 115 3530 236 3580; x_wconf 85' lang='lat' dir='ltr'>Patarol.</span> <span class='ocrx_word' id='word_1_319' title='bbox 255 3529 353 3593; x_wconf 77' lang='lat' dir='ltr'>lagen.</span> <span class='ocrx_word' id='word_1_320' title='bbox 369 3541 462 3576; x_wconf 80' lang='lat' dir='ltr'>sonores</span> <span class='ocrx_word' id='word_1_321' title='bbox 472 3525 571 3585; x_wconf 79' lang='lat' dir='ltr'>festinis</span> <span class='ocrx_word' id='word_1_322' title='bbox 589 3527 691 3584; x_wconf 67' lang='lat' dir='ltr'>noemae.</span> <span class='ocrx_word' id='word_1_323' title='bbox 710 3534 744 3593; x_wconf 86' lang='lat' dir='ltr'>et,</span> <span class='ocrx_word' id='word_1_324' title='bbox 762 3532 803 3591; x_wconf 71' lang='lat' dir='ltr'>isc.</span> <span class='ocrx_word' id='word_1_325' title='bbox 844 3528 896 3579; x_wconf 84' lang='lat' dir='ltr'>‘&#39;In</span> <span class='ocrx_word' id='word_1_326' title='bbox 914 3528 999 3579; x_wconf 84' lang='lat' dir='ltr'>Moeri.</span> <span class='ocrx_word' id='word_1_327' title='bbox 1020 3541 1070 3592; x_wconf 89' lang='lat' dir='ltr'>pro</span> <span class='ocrx_word' id='word_1_328' title='bbox 1089 3529 1225 3584; x_wconf 72' lang='lat' dir='ltr'>renitenti.</span> 
     </span>
    </p>
   </div>
   <div class='ocr_carea' id='block_1_5' title="bbox 616 3672 723 3724">
    <p class='ocr_par' dir='ltr' id='par_1_8' title="bbox 616 3672 723 3724">
     <span class='ocr_line' id='line_1_37' title="bbox 616 3672 723 3724; baseline 0.009 -1"><span class='ocrx_word' id='word_1_329' title='bbox 616 3672 723 3724; x_wconf 81' lang='lat' dir='ltr'>NOTAE</span> 
     </span>
    </p>
   </div>
   <div class='ocr_carea' id='block_1_6' title="bbox 118 3768 1227 4221">
    <p class='ocr_par' dir='ltr' id='par_1_9' title="bbox 118 3768 1227 4221">
     <span class='ocr_line' id='line_1_38' title="bbox 146 3768 1224 3836; baseline -0.003 -15"><span class='ocrx_word' id='word_1_330' title='bbox 146 3768 653 3836; x_wconf 79' lang='lat' dir='ltr'>⁸Diguo[dignum]ignuaioe]ltarestitni</span> <span class='ocrx_word' id='word_1_331' title='bbox 689 3771 722 3820; x_wconf 84' lang='lat' dir='ltr'>sd</span> <span class='ocrx_word' id='word_1_332' title='bbox 741 3770 908 3835; x_wconf 86' lang='lat' dir='ltr'>credendum,</span> <span class='ocrx_word' id='word_1_333' title='bbox 929 3770 999 3820; x_wconf 88' lang='lat' dir='ltr'>hunc</span> <span class='ocrx_word' id='word_1_334' title='bbox 1015 3777 1043 3819; x_wconf 86' lang='lat' dir='ltr'>et</span> <span class='ocrx_word' id='word_1_335' title='bbox 1063 3770 1224 3834; x_wconf 85' lang='lat' dir='ltr'>superiorem</span> 
     </span>
     <span class='ocr_line' id='line_1_39' title="bbox 119 3842 1224 3912; baseline -0.004 -12"><span class='ocrx_word' id='word_1_336' title='bbox 119 3865 151 3900; x_wconf 79' lang='lat' dir='ltr'>ex</span> <span class='ocrx_word' id='word_1_337' title='bbox 170 3851 254 3899; x_wconf 86' lang='lat' dir='ltr'>veteri</span> <span class='ocrx_word' id='word_1_338' title='bbox 267 3848 369 3910; x_wconf 90' lang='lat' dir='ltr'>codice,</span> <span class='ocrx_word' id='word_1_339' title='bbox 383 3853 444 3910; x_wconf 88' lang='lat' dir='ltr'>post</span> <span class='ocrx_word' id='word_1_340' title='bbox 459 3842 605 3895; x_wconf 85' lang='lat' dir='ltr'>Acidalium</span> <span class='ocrx_word' id='word_1_341' title='bbox 625 3853 653 3895; x_wconf 89' lang='lat' dir='ltr'>et</span> <span class='ocrx_word' id='word_1_342' title='bbox 689 3848 881 3912; x_wconf 82' lang='lat' dir='ltr'>Panegyricum</span> <span class='ocrx_word' id='word_1_343' title='bbox 900 3861 957 3896; x_wconf 86' lang='lat' dir='ltr'>esse</span> <span class='ocrx_word' id='word_1_344' title='bbox 972 3847 1088 3897; x_wconf 78' lang='lat' dir='ltr'>Neratii.</span> <span class='ocrx_word' id='word_1_345' title='bbox 1122 3846 1224 3910; x_wconf 85' lang='lat' dir='ltr'>Inque</span> 
     </span>
     <span class='ocr_line' id='line_1_40' title="bbox 118 3923 1225 3991; baseline -0.004 -16"><span class='ocrx_word' id='word_1_346' title='bbox 118 3924 333 3990; x_wconf 83' lang='lat' dir='ltr'>Livineium,pro</span> <span class='ocrx_word' id='word_1_347' title='bbox 344 3927 444 3985; x_wconf 87' lang='lat' dir='ltr'>dignum</span> <span class='ocrx_word' id='word_1_348' title='bbox 454 3924 561 3984; x_wconf 73' lang='lat' dir='ltr'>ignnmn</span> <span class='ocrx_word' id='word_1_349' title='bbox 689 3925 714 3974; x_wconf 90' lang='lat' dir='ltr'>ei</span> <span class='ocrx_word' id='word_1_350' title='bbox 737 3925 874 3974; x_wconf 77' lang='lat' dir='ltr'>admodum</span> <span class='ocrx_word' id='word_1_351' title='bbox 895 3923 1037 3972; x_wconf 83' lang='lat' dir='ltr'>assentior:</span> <span class='ocrx_word' id='word_1_352' title='bbox 1061 3932 1137 3973; x_wconf 85' lang='lat' dir='ltr'>reete</span> <span class='ocrx_word' id='word_1_353' title='bbox 1160 3924 1225 3991; x_wconf 85' lang='lat' dir='ltr'>euim</span> 
     </span>
     <span class='ocr_line' id='line_1_41' title="bbox 152 3998 1225 4067; baseline -0.004 -15"><span class='ocrx_word' id='word_1_354' title='bbox 152 4007 160 4037; x_wconf 70' lang='lat'><strong>²</strong></span> <span class='ocrx_word' id='word_1_355' title='bbox 172 4005 240 4059; x_wconf 83' lang='lat' dir='ltr'>Quod</span> <span class='ocrx_word' id='word_1_356' title='bbox 250 4005 322 4052; x_wconf 84' lang='lat' dir='ltr'>etium</span> <span class='ocrx_word' id='word_1_357' title='bbox 332 4000 420 4063; x_wconf 79' lang='lat' dir='ltr'>pridie]</span> <span class='ocrx_word' id='word_1_358' title='bbox 434 4001 514 4062; x_wconf 85' lang='lat' dir='ltr'>Lege,</span> <span class='ocrx_word' id='word_1_359' title='bbox 525 4015 582 4049; x_wconf 89' lang='lat' dir='ltr'>cum</span> <span class='ocrx_word' id='word_1_360' title='bbox 592 3998 653 4047; x_wconf 83' lang='lat' dir='ltr'>Aci·</span> <span class='ocrx_word' id='word_1_361' title='bbox 689 3999 756 4065; x_wconf 90' lang='lat' dir='ltr'>qnod</span> <span class='ocrx_word' id='word_1_362' title='bbox 769 4000 818 4048; x_wconf 86' lang='lat' dir='ltr'>boo</span> <span class='ocrx_word' id='word_1_363' title='bbox 828 4001 854 4047; x_wconf 90' lang='lat' dir='ltr'>in</span> <span class='ocrx_word' id='word_1_364' title='bbox 867 4000 924 4067; x_wconf 80' lang='lat' dir='ltr'>loeo</span> <span class='ocrx_word' id='word_1_365' title='bbox 939 4000 975 4048; x_wconf 89' lang='lat' dir='ltr'>ait</span> <span class='ocrx_word' id='word_1_366' title='bbox 988 3999 1124 4054; x_wconf 76' lang='lat' dir='ltr'>Notarius,</span> <span class='ocrx_word' id='word_1_367' title='bbox 1135 3999 1169 4048; x_wconf 80' lang='lat' dir='ltr'>ad</span> <span class='ocrx_word' id='word_1_368' title='bbox 1181 4014 1225 4048; x_wconf 91' lang='lat' dir='ltr'>no·</span> 
     </span>
     <span class='ocr_line' id='line_1_42' title="bbox 120 4076 1227 4144; baseline -0.006 -13"><span class='ocrx_word' id='word_1_369' title='bbox 120 4083 189 4132; x_wconf 87' lang='lat' dir='ltr'>dalio</span> <span class='ocrx_word' id='word_1_370' title='bbox 202 4093 228 4132; x_wconf 87' lang='lat' dir='ltr'>et</span> <span class='ocrx_word' id='word_1_371' title='bbox 241 4084 367 4143; x_wconf 79' lang='lat' dir='ltr'>Liuineio,</span> <span class='ocrx_word' id='word_1_372' title='bbox 382 4084 483 4144; x_wconf 84' lang='lat' dir='ltr'>pridem,</span> <span class='ocrx_word' id='word_1_373' title='bbox 502 4095 549 4142; x_wconf 88' lang='lat' dir='ltr'>pro</span> <span class='ocrx_word' id='word_1_374' title='bbox 566 4080 653 4142; x_wconf 80' lang='lat' dir='ltr'>pridie.</span> <span class='ocrx_word' id='word_1_375' title='bbox 689 4093 750 4126; x_wconf 87' lang='lat' dir='ltr'>num</span> <span class='ocrx_word' id='word_1_376' title='bbox 763 4077 956 4140; x_wconf 86' lang='lat' dir='ltr'>Panegyricum</span> <span class='ocrx_word' id='word_1_377' title='bbox 969 4076 1072 4124; x_wconf 83' lang='lat' dir='ltr'>videtur</span> <span class='ocrx_word' id='word_1_378' title='bbox 1084 4078 1227 4139; x_wconf 85' lang='lat' dir='ltr'>pertinere,</span> 
     </span>
     <span class='ocr_line' id='line_1_43' title="bbox 121 4149 1224 4221; baseline -0.006 -14"><span class='ocrx_word' id='word_1_379' title='bbox 121 4160 160 4207; x_wconf 84' lang='lat' dir='ltr'>Ex</span> <span class='ocrx_word' id='word_1_380' title='bbox 174 4162 221 4209; x_wconf 90' lang='lat' dir='ltr'>ime</span> <span class='ocrx_word' id='word_1_381' title='bbox 241 4175 302 4209; x_wconf 86' lang='lat' dir='ltr'>vero</span> <span class='ocrx_word' id='word_1_382' title='bbox 321 4161 389 4221; x_wconf 88' lang='lat' dir='ltr'>loeo,</span> <span class='ocrx_word' id='word_1_383' title='bbox 407 4159 496 4207; x_wconf 89' lang='lat' dir='ltr'>itidem</span> <span class='ocrx_word' id='word_1_384' title='bbox 509 4165 536 4206; x_wconf 93' lang='lat' dir='ltr'>et</span> <span class='ocrx_word' id='word_1_385' title='bbox 549 4170 581 4203; x_wconf 89' lang='lat' dir='ltr'>ex</span> <span class='ocrx_word' id='word_1_386' title='bbox 593 4155 654 4218; x_wconf 86' lang='lat' dir='ltr'>styli</span> <span class='ocrx_word' id='word_1_387' title='bbox 691 4153 733 4203; x_wconf 79' lang='lat' dir='ltr'>tibi</span> <span class='ocrx_word' id='word_1_388' title='bbox 748 4152 876 4202; x_wconf 81' lang='lat' dir='ltr'>Maxentii</span> <span class='ocrx_word' id='word_1_389' title='bbox 887 4151 975 4201; x_wconf 77' lang='lat' dir='ltr'>clades</span> <span class='ocrx_word' id='word_1_390' title='bbox 987 4149 1044 4201; x_wconf 81' lang='lat' dir='ltr'>fuse</span> <span class='ocrx_word' id='word_1_391' title='bbox 1056 4151 1224 4202; x_wconf 78' lang='lat' dir='ltr'>describitur.</span> 
     </span>
    </p>
   </div>
   <div class='ocr_carea' id='block_1_7' title="bbox 122 4233 655 4286">
    <p class='ocr_par' dir='ltr' id='par_1_10' title="bbox 122 4233 655 4286">
     <span class='ocr_line' id='line_1_44' title="bbox 122 4233 655 4286; baseline -0.008 -2"><span class='ocrx_word' id='word_1_392' title='bbox 122 4235 249 4285; x_wconf 81' lang='lat' dir='ltr'>atiittitute</span> <span class='ocrx_word' id='word_1_393' title='bbox 266 4236 360 4286; x_wconf 79' lang='lat' dir='ltr'>Cluttd.</span> <span class='ocrx_word' id='word_1_394' title='bbox 376 4236 511 4286; x_wconf 84' lang='lat' dir='ltr'>Puteanus</span> <span class='ocrx_word' id='word_1_395' title='bbox 523 4233 655 4283; x_wconf 89' lang='lat' dir='ltr'>inducitur</span> 
     </span>
    </p>
   </div>
   <div class='ocr_carea' id='block_1_8' title="bbox 17 4388 131 4450">
    <p class='ocr_par' dir='ltr' id='par_1_11' title="bbox 17 4388 131 4450">
     <span class='ocr_line' id='line_1_45' title="bbox 17 4388 131 4450; baseline 0 0"><span class='ocrx_word' id='word_1_396' title='bbox 17 4388 131 4450; x_wconf 62' lang='lat' dir='ltr'>A</span> 
     </span>
    </p>
   </div>
   <div class='ocr_carea' id='block_1_9' title="bbox 0 0 1375 4726">
    <p class='ocr_par' dir='ltr' id='par_1_12' title="bbox 0 0 1375 4726">
     <span class='ocr_line' id='line_1_46' title="bbox 0 0 1375 4726; baseline 0 0"><span class='ocrx_word' id='word_1_397' title='bbox 0 0 1375 4726; x_wconf 95' lang='lat' dir='ltr'> </span> 
     </span>
    </p>
   </div>
  </div>
 </body>
</html>
