2730 4726
136 318 222 386 1526
362 333 585 384 usurarius
610 333 840 384 casimansi
865 333 979 383 norro

134 482 217 546 tatis
241 488 412 575 evexerat,
436 482 630 546 libertorum
652 478 797 545 officium
823 479 1007 546 dicebatur.
1052 477 1085 545 2.
1107 479 1230 545 Orate·

133 587 215 648 riom
230 584 365 649 dicendi
378 584 585 662 facultatem,
604 582 704 647 multi
722 582 860 662 laboris,
878 591 913 648 et
931 581 1060 646 minimi
1078 601 1163 647 usus
1176 603 1229 647 ne-

133 687 271 768 gotium,
288 687 391 751 nostri
406 707 562 771 proceres
582 685 803 769 respuebant;
826 687 905 751 dum
920 685 1072 753 homines
1084 685 1231 751 noluisse

134 788 242 854 videri
261 789 389 867 volunt,
405 789 497 872 quod
512 789 649 873 assequi
665 789 896 872 nequiverunt.
940 787 984 852 Et
1009 802 1091 853 vere
1105 792 1230 853 tantum

132 893 270 970 laboris,
285 893 539 976 vigiliarumque
553 891 726 975 suscipere
740 891 784 957 ad
801 892 837 956 id
851 889 1121 976 adipiscendum,
1137 891 1231 975 cujus

132 1013 216 1059 usus
239 995 377 1078 agendae
398 996 476 1060 vitae
497 1002 691 1060 ornamenta
706 1000 771 1059 no'n
785 994 968 1079 adjuvaret,
985 993 1160 1061 dementia
1173 993 1231 1057 du·

133 1097 282 1163 cebatur.
324 1099 357 1162 3.
381 1095 500 1181 Itaque
523 1103 596 1162 erat
619 1115 717 1161 omne
742 1097 887 1162 studium
913 1095 1068 1180 pecuniae
1093 1114 1232 1160 coacer-

133 1198 263 1264 vandae.
300 1200 415 1264 Tanto
426 1202 537 1264 enim¹²
559 1200 610 1265 vir
625 1200 771 1284 quisque
786 1200 914 1277 melior,
931 1206 1063 1282 quanto
1072 1200 1231 1282 pecnmo-

131 1304 201 1366 sior
229 1303 440 1368 habebatur.·
464 1305 499 1368 4.
525 1303 605 1368 Jam
636 1303 804 1369 serviendi
840 1301 1030 1367 miseranda
1053 1302 1231 1386 patientia,-

132 1404 327 1470 assentandi
357 1406 441 1469 mira
470 1406 651 1471 calliditas.
705 1405 935 1480 Ministrorum
965 1405 1055 1471 aulen
1081 1405 1232 1488 qnotidie

130 1507 249 1572 limina
262 1508 465 1573 terebantur.
508 1509 540 1572 5.
563 1508 619 1573 Ad
634 1509 721 1574 fores
735 1528 863 1586 eorum,
879 1509 937 1592 qui
948 1509 1048 1590 regiis
1063 1509 1231 1592 cupidita-

130 1610 219 1693 tibus
234 1608 439 1688 serviebant,
460 1614 572 1675 ternos
591 1611 744 1694 patriciae
765 1612 875 1695 gentis
888 1610 1002 1676 viros⁰
1023 1628 1179 1676 cerneres
1190 1612 1231 1675 ab

589 1760 770 1782 manuum

162 1857 231 1908 Car.
251 1872 302 1909 xx.
336 1862 350 1908 l
368 1858 475 1909 Manlios
486 1859 545 1908 edd.
555 1860 739 1911 iettensem
751 1858 813 1910 Ald.
824 1859 919 1910 stelias
928 1856 989 1907 edd.
1000 1863 1064 1908 ante
1074 1857 1194 1908 Patarel.
1203 1864 1231 1908 et

129 1923 226 1984 Μαι.
244 1928 355 1974 meant
365 1925 431 1975 Exn.
443 1926 524 1989 Lnng.
541 1928 575 1975 sl.
587 1941 629 1990 sp.
641 1927 760 1976 Rhenan.
770 1933 799 1975 nt
810 1926 880 1989 conj.
891 1923 995 1974 Acidal.
1003 1924 1093 1974 extulit
1104 1925 1173 1975 Vct.
1180 1924 1232 1974 Pa.

131 1996 200 2037 teen.
217 1992 296 2040 cessit
308 1990 429 2039 vatican.
449 1991 611 2041 libertinorum
623 1992 711 2040 Moerl.
729 1992 857 2057 artificium
867 1990 989 2040 dicebatur
997 1986 1059 2038 edd·
1067 1997 1130 2039 ante
1142 1988 1232 2039 Arois.

129 2053 258 2121 artificium
275 2057 402 2105 ἀπώσεαι
420 2057 487 2119 conj.
505 2055 606 2106 Acidol.
628 2059 728 2121 ‹ffleinm
747 2057 868 2106 ductetur
885 2054 1051 2117 (iosiph-2
1075 2053 1231 2118 ‘'Corrupts

130 2119 352 2182 dinannensium
362 2121 474 2172 adan:
491 2120 583 2172 Arntz.
618 2123 727 2173 ‘Scribe
742 2122 836 2186 nupsi
850 2118 970 2171 sanese?
987 2119 1071 2170 bisin.
1103 2121 1142 2171 Iit
1153 2135 1231 2170 omn

130 2183 192 2233 Vct.
203 2185 316 2235 Peteon.
350 2187 385 2234 Et
399 2201 455 2236 nero
465 2186 534 2251 conj.
551 2187 662 2237 Putean.
678 2196 707 2237 et
723 2186 825 2237 Acidal.
841 2187 877 2236 Et
887 2185 943 2245 sere
962 2184 1053 2234 Arutz.
1085 2183 1181 2236 ‘Male
1191 2185 1231 2236 ed.

128 2248 247 2298 Rhenan.
258 2250 393 2314 mspiceress
409 2251 493 2301 Idem.
516 2253 549 2300 od
566 2253 743 2315 adipiscendum
761 2253 821 2302 edd.
834 2259 895 2300 ante
908 2250 998 2301 Aratu.
1009 2251 1042 2298 ud
1052 2249 1157 2313 idndip.
1170 2251 1231 2301 Vct.

129 2314 241 2366 Putesn.
252 2316 339 2366 Moerl.
352 2324 379 2365 et
389 2315 627 2380 desipiscentem
644 2320 701 2368 cite
714 2319 774 2367 Vet.
787 2319 898 2367 Putean.
932 2317 986 2367 Pro
1002 2320 1153 2376 ornaments,
1164 2315 1231 2379 qued

129 2389 237 2428 servant
253 2380 315 2428 Vet.
327 2382 409 2430 Lirin.
421 2382 524 2430 Bertin.
540 2383 627 2430 Moerl.
648 2384 712 2433 Exc.
729 2383 874 2432 Sebonliov.
885 2381 999 2444 Gnelpb.
1011 2379 1121 2443 Cuspiu-
1131 2388 1161 2430 et
1173 2380 1232 2430 edd.

130 2454 241 2494 recenti.
259 2446 406 2496 erudimentc
424 2447 548 2496 exhibent
567 2448 674 2497 Puteal.
695 2449 810 2498 Rheosn.
827 2449 862 2498 H.
878 2447 971 2510 Stepb.
988 2445 1076 2494 Livio.
1093 2445 1184 2496 Riviu.
1199 2448 1232 2496 ul.

129 2520 189 2559 ante
201 2510 326 2560 (droa-3
345 2511 428 2574 ltoq'ue
438 2527 504 2562 omne
515 2511 576 2560 edd.
587 2521 648 2562 ante
659 2512 753 2563 Arntz.
784 2515 869 2576 ltaque
879 2518 929 2562 erut
941 2514 968 2560 in
978 2525 1045 2559 cinae
1059 2510 1122 2560 Vet.
1134 2512 1229 2562 Putea·

129 2577 172 2635 ni;
190 2576 257 2625 unde
269 2577 312 2625 ille
325 2578 392 2640 conj.
411 2578 495 2640 ltaque
510 2582 563 2626 erat
580 2579 611 2626 iis
621 2594 705 2637 emne,·
722 2579 807 2627 Moerl.
818 2587 845 2629 et
856 2577 969 2640 Gnelpb.
987 2576 1072 2639 ltaque
1088 2583 1143 2626 erut
1157 2592 1230 2626 omne.

127 2642 200 2691 ‘Pro
214 2642 328 2704 pecunie,
346 2643 411 2691 mele
432 2642 543 2706 Guelpb.
564 2645 705 2704 patientia!
721 2643 811 2693 Arntz.
844 2645 918 2704 Mox,
938 2642 978 2691 oir
996 2641 1072 2689 deest
1090 2642 1118 2690 in
1139 2643 1229 2690 eodem

128 2707 235 2757 cod-4
252 2708 294 2756 ltu
303 2709 420 2757 serviendi
437 2709 502 2758 citet
519 2709 591 2772 Lips.
607 2709 692 2773 Epist.
709 2709 809 2761 Qriaest.
821 2722 864 2757 ιιι.
874 2711 916 2759 24.
932 2707 1081 2757 contendum
1092 2707 1230 2758 Puteol-

623 2839 730 2891 NOTAE

128 2935 221 3000 purnio
232 2935 325 2984 Pisone
337 2934 397 2997 fuit,
412 2943 440 2985 et
452 2934 572 3000 pontifex
581 2937 660 2985 niaxi-
695 2937 722 2986 ls
733 2950 841 3000 magnus
858 2937 892 2988 Q.
902 2934 981 2986 Mutii
999 2934 1130 2985 Secreto
1146 2934 1230 2985 imite-

128 3027 196 3061 mus.
228 3012 306 3061 Hunc
317 3012 350 3061 de
364 3013 425 3076 jure
441 3012 512 3062 civili
525 3012 615 3062 decern
631 3014 661 3062 li·
695 3020 737 3063 tor
748 3011 805 3075 fuit,
819 3027 896 3077 aquo
909 3011 943 3062 ad
956 3011 1023 3075 juris
1041 3010 1134 3074 citilis'
1146 3013 1229 3063 scien·

127 3089 187 3138 bros
205 3089 339 3150 scripsisse
361 3088 442 3138 tradit
461 3091 620 3139 Plutarchus
633 3089 660 3138 in
695 3090 758 3138 tium
779 3090 910 3138 excitator
930 3088 967 3137 liis
985 3087 1091 3139 verbis:
1118 3090 1229 3154 ‘Turpe

126 3165 206 3229 Sylla.
242 3165 327 3229 Hujus
344 3164 412 3214 filius
431 3166 464 3216 Q.
475 3166 574 3215 Mutius
592 3166 657 3216 Sca·
694 3174 734 3217 est
747 3165 857 3229 patricio
875 3179 964 3215 causus
976 3165 1069 3222 oranti,
1081 3164 1128 3228 jus
1142 3164 1169 3215 in
1180 3179 1229 3231 quo

128 3243 197 3304 vols,
215 3242 313 3305 primus
325 3242 369 3305 jus
386 3242 461 3291 civile
479 3242 621 3305 generatim
633 3242 660 3293 in
695 3238 969 3304 serraturignorore!
996 3241 1122 3290 Omnium
1134 3241 1230 3305 primns

126 3319 207 3367 libros
228 3323 268 3368 18.
290 3319 416 3382 digessits
434 3320 556 3382 plurimos
570 3318 660 3369 hebuit
695 3319 856 3368 dialecticem
870 3317 924 3381 juri
942 3315 1071 3377 ndlribnit,
1090 3325 1121 3367 et
1139 3317 1229 3367 ordino

126 3396 256 3445 auditores
279 3396 451 3456 clarissimam
475 3397 508 3446 ab
527 3411 559 3446 eo
578 3397 660 3446 multa
695 3394 806 3460 quodem
829 3401 944 3444 tractore
971 3393 1061 3456 coepit.
1107 3393 1228 3445 Ciceroni

127 3471 249 3520 didicisse
280 3486 308 3520 se
337 3473 374 3520 ait
398 3472 507 3523 Tullius.
541 3474 658 3523 Eundem
693 3472 743 3522 fnit
759 3471 981 3527 familiarissimus,
1001 3471 1046 3534 qui
1072 3478 1100 3520 et
1128 3471 1180 3535 ipsi
1196 3471 1227 3520 sd

127 3551 235 3600 Crassus
247 3548 459 3612 jurisperitorum
479 3549 658 3613 eloquentissi-
693 3549 833 3609 Mutinam,
852 3561 903 3612 qno
931 3547 964 3596 ad
991 3547 1150 3610 placandum
1178 3550 1229 3601 sle·

126 3641 205 3687 muni,
218 3633 246 3675 et
267 3615 444 3686 eloquentium
461 3625 658 3688 jurisperitissi-
693 3626 798 3692 quentis
812 3640 859 3674 sua
869 3624 1041 3677 Antoniusne
1059 3633 1156 3675 senatu
1171 3625 1228 3676 mis·

126 3717 195 3752 muni
206 3700 276 3766 apud
287 3699 401 3749 Tullium
414 3702 572 3762 appellabat.
596 3703 659 3753 Fuit
693 3718 735 3752 sus
749 3711 814 3759 erat,
827 3696 1063 3765 mortuarium
1076 3716 1174 3762 aeream
1185 3719 1228 3768 pe·

127 3785 258 3842 praeterea
276 3777 343 3828 alter
362 3776 396 3826 Q.
418 3776 517 3825 Mntins
540 3780 658 3829 Scaevola
693 3783 806 3831 desuem
828 3782 853 3828 in
876 3778 965 3828 restris
987 3779 1083 3842 posuit.
1116 3781 1227 3831 Debeo

127 3871 219 3917 augur,
238 3869 314 3919 quein
329 3851 423 3902 Cicero
444 3853 614 3904 disserentem
631 3856 657 3905 in
693 3872 762 3920 saepe
775 3855 964 3919 apnd'l'ulliuni
976 3856 1077 3904 incutio
1088 3865 1139 3907 est.
1224 3910 1227 3917 ⁴

128 3932 195 3980 libro
207 3933 247 3980 De
260 3929 383 3980 Amicitia
404 3928 555 3992 introducit,
575 3948 591 3980 e
607 3948 658 3996 qno
725 3942 737 3966 ¹¹
757 3936 834 3984 Tanto
856 3931 929 3993 enim]
956 3929 1081 3987 Juvenal.
1105 3932 1165 3982 Sat.
1185 3947 1227 3982 ιιι.

123 4006 168 4069 jus
185 4006 261 4056 civile
273 4005 395 4054 didicisse
407 4020 434 4052 se
448 4005 593 4066 profitetur.
625 4010 658 4057 E·
694 4015 751 4059 143.
768 4010 917 4060 ‘Quantum
928 4007 1037 4072 quisque
1048 4023 1096 4057 sua
1111 4024 1229 4060 nummo·

127 4090 167 4130 ¹³1
181 4083 201 4130 5⁸
214 4082 285 4130 Laeffi
300 4095 391 4143 genef,
400 4080 487 4130 Crassi
499 4097 582 4131 socer.
694 4103 748 4136 rum
762 4096 849 4137 servat
861 4089 886 4136 in
898 4102 967 4149 arca,
977 4088 1092 4136 Tantum
1110 4088 1192 4139 liebet
1201 4096 1228 4139 et

160 4164 176 4188 ‘¹¹
194 4156 298 4218 Seruios]
326 4158 358 4205 Ρ.
378 4157 495 4205 Servinrn
518 4160 657 4222 sulpitium
693 4164 762 4214 fidei.

129 4241 193 4299 pute
211 4236 255 4299 qni
273 4249 313 4285 eu.
334 4234 366 4282 U.
379 4233 408 4282 C.
419 4239 476 4283 703.
493 4238 582 4285 consul
600 4236 658 4290 fuit.
725 4249 736 4273 ⁰
755 4239 961 4304 Ternospatricioe
970 4237 1052 4301 gentis
1060 4239 1139 4303 circs]
1156 4243 1227 4306 Lege
