<?xml version="1.0" encoding="UTF-8"?>
<!DOCTYPE html PUBLIC "-//W3C//DTD XHTML 1.0 Transitional//EN"
    "http://www.w3.org/TR/xhtml1/DTD/xhtml1-transitional.dtd">
<html xmlns="http://www.w3.org/1999/xhtml" xml:lang="en" lang="en">
 <head>
  <title>
</title>
<meta http-equiv="Content-Type" content="text/html;charset=utf-8" />
  <meta name='ocr-system' content='tesseract 3.04.00' />
  <meta name='ocr-capabilities' content='ocr_page ocr_carea ocr_par ocr_line ocrx_word'/>
</head>
<body>
  <div class='ocr_page' id='page_1' title='image "./panegyriciveter01baungoog_0212.png"; bbox 0 0 2730 4726; ppageno 0'>
   <div class='ocr_carea' id='block_1_1' title="bbox 401 335 1236 405">
    <p class='ocr_par' dir='ltr' id='par_1_1' title="bbox 401 335 1236 405">
     <span class='ocr_line' id='line_1_1' title="bbox 401 335 1236 405; baseline 0.004 -4"><span class='ocrx_word' id='word_1_1' title='bbox 401 349 643 402; x_wconf 82' lang='lat' dir='ltr'><strong>cuusrnnrro</strong></span> <span class='ocrx_word' id='word_1_2' title='bbox 667 349 828 400; x_wconf 81' lang='lat' dir='ltr'><strong>cnsnur.</strong></span> <span class='ocrx_word' id='word_1_3' title='bbox 865 351 900 403; x_wconf 86' lang='lat' dir='ltr'><strong>v.</strong></span> <span class='ocrx_word' id='word_1_4' title='bbox 915 335 971 402; x_wconf 86' lang='lat'><strong>18.</strong></span> <span class='ocrx_word' id='word_1_5' title='bbox 1149 336 1236 405; x_wconf 78' lang='lat'>1299</span> 
     </span>
    </p>
   </div>
   <div class='ocr_carea' id='block_1_2' title="bbox 129 481 1236 2338">
    <p class='ocr_par' dir='ltr' id='par_1_2' title="bbox 129 481 1236 2338">
     <span class='ocr_line' id='line_1_2' title="bbox 134 481 1236 584; baseline 0.002 -19"><span class='ocrx_word' id='word_1_6' title='bbox 134 520 174 566; x_wconf 82' lang='lat' dir='ltr'><strong>ex</strong></span> <span class='ocrx_word' id='word_1_7' title='bbox 202 481 363 565; x_wconf 71' lang='lat' dir='ltr'><strong>Francis‘</strong></span> <span class='ocrx_word' id='word_1_8' title='bbox 389 499 600 581; x_wconf 87' lang='lat' dir='ltr'><strong>captivorum</strong></span> <span class='ocrx_word' id='word_1_9' title='bbox 626 495 830 561; x_wconf 88' lang='lat' dir='ltr'><strong>incredibilis</strong></span> <span class='ocrx_word' id='word_1_10' title='bbox 856 496 1015 576; x_wconf 87' lang='lat' dir='ltr'><strong>audacia,</strong></span> <span class='ocrx_word' id='word_1_11' title='bbox 1043 505 1078 563; x_wconf 86' lang='lat' dir='ltr'><strong>et</strong></span> <span class='ocrx_word' id='word_1_12' title='bbox 1103 499 1236 584; x_wconf 83' lang='lat' dir='ltr'><strong>indigna</strong></span> 
     </span>
     <span class='ocr_line' id='line_1_3' title="bbox 131 597 1234 687; baseline 0 -19"><span class='ocrx_word' id='word_1_13' title='bbox 131 604 291 682; x_wconf 84' lang='lat' dir='ltr'><strong>felicitas,</strong></span> <span class='ocrx_word' id='word_1_14' title='bbox 304 601 373 687; x_wconf 89' lang='lat' dir='ltr'><strong>qui,</strong></span> <span class='ocrx_word' id='word_1_15' title='bbox 389 597 559 667; x_wconf 79' lang='lat' dir='ltr'><strong>aPoutod</strong></span> <span class='ocrx_word' id='word_1_16' title='bbox 576 620 684 686; x_wconf 89' lang='lat' dir='ltr'><strong>usque</strong></span> <span class='ocrx_word' id='word_1_17' title='bbox 700 600 861 684; x_wconf 71' lang='lat' dir='ltr'><strong>correptis</strong></span> <span class='ocrx_word' id='word_1_18' title='bbox 875 601 1033 679; x_wconf 89' lang='lat' dir='ltr'><strong>navibus,</strong></span> <span class='ocrx_word' id='word_1_19' title='bbox 1051 601 1234 682; x_wconf 87' lang='lat' dir='ltr'><strong>Graeciam,</strong></span> 
     </span>
     <span class='ocr_line' id='line_1_4' title="bbox 130 703 1235 792; baseline 0 -19"><span class='ocrx_word' id='word_1_20' title='bbox 130 708 320 792; x_wconf 79' lang='lat' dir='ltr'>Asiamque</span> <span class='ocrx_word' id='word_1_21' title='bbox 334 705 498 792; x_wconf 91' lang='lat' dir='ltr'><strong>populati,</strong></span> <span class='ocrx_word' id='word_1_22' title='bbox 514 725 576 770; x_wconf 86' lang='lat' dir='ltr'><strong>nec</strong></span> <span class='ocrx_word' id='word_1_23' title='bbox 591 706 726 788; x_wconf 88' lang='lat' dir='ltr'><strong>impunc</strong></span> <span class='ocrx_word' id='word_1_24' title='bbox 740 704 910 787; x_wconf 88' lang='lat' dir='ltr'><strong>plerisque</strong></span> <span class='ocrx_word' id='word_1_25' title='bbox 932 703 1048 790; x_wconf 86' lang='lat' dir='ltr'><strong>Libyae</strong></span> <span class='ocrx_word' id='word_1_26' title='bbox 1065 706 1235 773; x_wconf 80' lang='lat' dir='ltr'><strong>littoribus</strong></span> 
     </span>
     <span class='ocr_line' id='line_1_5' title="bbox 130 808 1235 895; baseline 0 -19"><span class='ocrx_word' id='word_1_27' title='bbox 130 811 281 895; x_wconf 84' lang='lat' dir='ltr'><strong>appulsi,</strong></span> <span class='ocrx_word' id='word_1_28' title='bbox 295 811 389 894; x_wconf 89' lang='lat' dir='ltr'><strong>ipsas</strong></span> <span class='ocrx_word' id='word_1_29' title='bbox 411 814 592 892; x_wconf 89' lang='lat' dir='ltr'><strong>postremo,</strong></span> <span class='ocrx_word' id='word_1_30' title='bbox 612 809 793 874; x_wconf 86' lang='lat' dir='ltr'><strong>navalibus</strong></span> <span class='ocrx_word' id='word_1_31' title='bbox 816 808 983 891; x_wconf 92' lang='lat' dir='ltr'><strong>quondam</strong></span> <span class='ocrx_word' id='word_1_32' title='bbox 1003 808 1156 874; x_wconf 88' lang='lat' dir='ltr'><strong>victoriis</strong></span> <span class='ocrx_word' id='word_1_33' title='bbox 1175 831 1235 876; x_wconf 90' lang='lat' dir='ltr'><strong>no·</strong></span> 
     </span>
     <span class='ocr_line' id='line_1_6' title="bbox 130 912 1236 1006; baseline 0 -28"><span class='ocrx_word' id='word_1_34' title='bbox 130 915 229 992; x_wconf 80' lang='lat' dir='ltr'><strong>hilca,</strong></span> <span class='ocrx_word' id='word_1_35' title='bbox 241 917 400 998; x_wconf 80' lang='lat' dir='ltr'><strong>ceperant</strong></span> <span class='ocrx_word' id='word_1_36' title='bbox 414 913 624 998; x_wconf 67' lang='lat' dir='ltr'><strong>Syracusas:</strong></span> <span class='ocrx_word' id='word_1_37' title='bbox 639 920 673 976; x_wconf 89' lang='lat' dir='ltr'><strong>et</strong></span> <span class='ocrx_word' id='word_1_38' title='bbox 685 912 850 976; x_wconf 87' lang='lat' dir='ltr'><strong>immenso</strong></span> <span class='ocrx_word' id='word_1_39' title='bbox 861 912 1135 1006; x_wconf 88' lang='lat' dir='ltr'><strong>itinerepcrvecti</strong></span> <span class='ocrx_word' id='word_1_40' title='bbox 1148 912 1236 979; x_wconf 89' lang='lat' dir='ltr'><strong>Oce·</strong></span> 
     </span>
     <span class='ocr_line' id='line_1_7' title="bbox 131 1016 1233 1100; baseline 0 -18"><span class='ocrx_word' id='word_1_41' title='bbox 131 1035 245 1094; x_wconf 87' lang='lat' dir='ltr'><strong>annm,</strong></span> <span class='ocrx_word' id='word_1_42' title='bbox 261 1035 331 1100; x_wconf 89' lang='lat' dir='ltr'><strong>qua</strong></span> <span class='ocrx_word' id='word_1_43' title='bbox 352 1025 456 1081; x_wconf 79' lang='lat' dir='ltr'><strong>terras</strong></span> <span class='ocrx_word' id='word_1_44' title='bbox 478 1016 607 1100; x_wconf 87' lang='lat' dir='ltr'><strong>irrupit,</strong></span> <span class='ocrx_word' id='word_1_45' title='bbox 620 1017 838 1094; x_wconf 88' lang='lat' dir='ltr'><strong>intraverant,</strong></span> <span class='ocrx_word' id='word_1_46' title='bbox 855 1019 959 1099; x_wconf 89' lang='lat' dir='ltr'><strong>atque</strong></span> <span class='ocrx_word' id='word_1_47' title='bbox 979 1017 1028 1082; x_wconf 91' lang='lat' dir='ltr'><strong>ita</strong></span> <span class='ocrx_word' id='word_1_48' title='bbox 1048 1023 1167 1083; x_wconf 81' lang='lat' dir='ltr'><strong>eventu</strong></span> <span class='ocrx_word' id='word_1_49' title='bbox 1186 1022 1233 1082; x_wconf 87' lang='lat' dir='ltr'><strong>te·</strong></span> 
     </span>
     <span class='ocr_line' id='line_1_8' title="bbox 130 1117 1235 1205; baseline 0.002 -22"><span class='ocrx_word' id='word_1_50' title='bbox 130 1119 295 1183; x_wconf 82' lang='lat' dir='ltr'><strong>maritatis</strong></span> <span class='ocrx_word' id='word_1_51' title='bbox 310 1117 535 1197; x_wconf 88' lang='lat' dir='ltr'><strong>ostenderant,</strong></span> <span class='ocrx_word' id='word_1_52' title='bbox 551 1118 631 1183; x_wconf 92' lang='lat' dir='ltr'><strong>nihil</strong></span> <span class='ocrx_word' id='word_1_53' title='bbox 646 1138 721 1182; x_wconf 88' lang='lat' dir='ltr'><strong>esse</strong></span> <span class='ocrx_word' id='word_1_54' title='bbox 738 1118 890 1183; x_wconf 91' lang='lat' dir='ltr'><strong>clausum</strong></span> <span class='ocrx_word' id='word_1_55' title='bbox 907 1119 1062 1203; x_wconf 77' lang='lat' dir='ltr'><strong>piraticae</strong></span> <span class='ocrx_word' id='word_1_56' title='bbox 1078 1120 1235 1205; x_wconf 88' lang='lat' dir='ltr'><strong>despera·</strong></span> 
     </span>
     <span class='ocr_line' id='line_1_9' title="bbox 130 1220 1233 1306; baseline 0.003 -19"><span class='ocrx_word' id='word_1_57' title='bbox 130 1223 226 1298; x_wconf 90' lang='lat' dir='ltr'><strong>tioni,</strong></span> <span class='ocrx_word' id='word_1_58' title='bbox 242 1241 309 1305; x_wconf 92' lang='lat' dir='ltr'><strong>quo</strong></span> <span class='ocrx_word' id='word_1_59' title='bbox 329 1222 472 1305; x_wconf 84' lang='lat' dir='ltr'><strong>navigiis</strong></span> <span class='ocrx_word' id='word_1_60' title='bbox 493 1228 625 1304; x_wconf 88' lang='lat' dir='ltr'><strong>pateret</strong></span> <span class='ocrx_word' id='word_1_61' title='bbox 644 1240 816 1286; x_wconf 75' lang='lat' dir='ltr'><strong>accessus,</strong></span> <span class='ocrx_word' id='word_1_62' title='bbox 859 1225 891 1287; x_wconf 79' lang='grc'><strong>4.</strong></span> <span class='ocrx_word' id='word_1_63' title='bbox 913 1220 1034 1306; x_wconf 88' lang='lat' dir='ltr'><strong>Itaque</strong></span> <span class='ocrx_word' id='word_1_64' title='bbox 1047 1224 1111 1288; x_wconf 94' lang='lat' dir='ltr'><strong>hac</strong></span> <span class='ocrx_word' id='word_1_65' title='bbox 1127 1224 1233 1289; x_wconf 86' lang='lat' dir='ltr'><strong>victo·</strong></span> 
     </span>
     <span class='ocr_line' id='line_1_10' title="bbox 130 1324 1234 1405; baseline 0.002 -15"><span class='ocrx_word' id='word_1_66' title='bbox 130 1327 181 1390; x_wconf 92' lang='lat' dir='ltr'><strong>ria</strong></span> <span class='ocrx_word' id='word_1_67' title='bbox 204 1334 318 1390; x_wconf 84' lang='lat' dir='ltr'><strong>restra</strong></span> <span class='ocrx_word' id='word_1_68' title='bbox 336 1344 404 1389; x_wconf 91' lang='lat' dir='ltr'><strong>nou</strong></span> <span class='ocrx_word' id='word_1_69' title='bbox 420 1324 593 1389; x_wconf 87' lang='lat' dir='ltr'><strong>Britannia</strong></span> <span class='ocrx_word' id='word_1_70' title='bbox 615 1325 722 1389; x_wconf 91' lang='lat' dir='ltr'><strong>solum</strong></span> <span class='ocrx_word' id='word_1_71' title='bbox 745 1324 905 1389; x_wconf 85' lang='lat' dir='ltr'><strong>servitute</strong></span> <span class='ocrx_word' id='word_1_72' title='bbox 924 1332 977 1390; x_wconf 87' lang='lat' dir='ltr'><strong>est</strong></span> <span class='ocrx_word' id='word_1_73' title='bbox 998 1325 1155 1405; x_wconf 88' lang='lat' dir='ltr'><strong>liberata,</strong></span> <span class='ocrx_word' id='word_1_74' title='bbox 1171 1328 1234 1392; x_wconf 86' lang='lat' dir='ltr'><strong>sed</strong></span> 
     </span>
     <span class='ocr_line' id='line_1_11' title="bbox 131 1428 1233 1512; baseline 0.003 -20"><span class='ocrx_word' id='word_1_75' title='bbox 131 1429 287 1492; x_wconf 88' lang='lat' dir='ltr'><strong>omnibus</strong></span> <span class='ocrx_word' id='word_1_76' title='bbox 307 1428 497 1493; x_wconf 90' lang='lat' dir='ltr'><strong>nationibus</strong></span> <span class='ocrx_word' id='word_1_77' title='bbox 518 1428 680 1493; x_wconf 83' lang='lat' dir='ltr'><strong>securitas</strong></span> <span class='ocrx_word' id='word_1_78' title='bbox 698 1429 862 1506; x_wconf 89' lang='lat' dir='ltr'><strong>restituta,</strong></span> <span class='ocrx_word' id='word_1_79' title='bbox 881 1446 959 1512; x_wconf 80' lang='lat' dir='ltr'><strong>quae</strong></span> <span class='ocrx_word' id='word_1_80' title='bbox 978 1429 1147 1493; x_wconf 90' lang='lat' dir='ltr'><strong>maritimo</strong></span> <span class='ocrx_word' id='word_1_81' title='bbox 1166 1440 1233 1495; x_wconf 83' lang='lat' dir='ltr'><strong>usu</strong></span> 
     </span>
     <span class='ocr_line' id='line_1_12' title="bbox 131 1530 1235 1617; baseline 0.002 -22"><span class='ocrx_word' id='word_1_82' title='bbox 131 1535 259 1595; x_wconf 89' lang='lat' dir='ltr'><strong>tantum</strong></span> <span class='ocrx_word' id='word_1_83' title='bbox 281 1531 314 1595; x_wconf 92' lang='lat' dir='ltr'><strong>in</strong></span> <span class='ocrx_word' id='word_1_84' title='bbox 337 1531 424 1596; x_wconf 90' lang='lat' dir='ltr'><strong>bello</strong></span> <span class='ocrx_word' id='word_1_85' title='bbox 448 1531 539 1596; x_wconf 88' lang='lat' dir='ltr'><strong>adire</strong></span> <span class='ocrx_word' id='word_1_86' title='bbox 563 1530 703 1615; x_wconf 88' lang='lat' dir='ltr'><strong>periculi</strong></span> <span class='ocrx_word' id='word_1_87' title='bbox 725 1536 887 1616; x_wconf 88' lang='lat' dir='ltr'><strong>poterant,</strong></span> <span class='ocrx_word' id='word_1_88' title='bbox 907 1538 1069 1616; x_wconf 90' lang='lat' dir='ltr'><strong>quantum</strong></span> <span class='ocrx_word' id='word_1_89' title='bbox 1090 1531 1126 1595; x_wconf 91' lang='lat' dir='ltr'><strong>iu</strong></span> <span class='ocrx_word' id='word_1_90' title='bbox 1148 1552 1235 1617; x_wconf 85' lang='lat' dir='ltr'><strong>pace</strong></span> 
     </span>
     <span class='ocr_line' id='line_1_13' title="bbox 131 1633 1232 1719; baseline 0.002 -21"><span class='ocrx_word' id='word_1_91' title='bbox 131 1634 301 1699; x_wconf 91' lang='lat' dir='ltr'><strong>commodi</strong></span> <span class='ocrx_word' id='word_1_92' title='bbox 321 1641 582 1719; x_wconf 86' lang='lat' dir='ltr'><strong>consequuntur.</strong></span> <span class='ocrx_word' id='word_1_93' title='bbox 626 1636 657 1699; x_wconf 80' lang='lat'><strong>5.</strong></span> <span class='ocrx_word' id='word_1_94' title='bbox 681 1633 782 1700; x_wconf 91' lang='lat' dir='ltr'><strong>Nunc</strong></span> <span class='ocrx_word' id='word_1_95' title='bbox 801 1651 920 1699; x_wconf 86' lang='lat' dir='ltr'><strong>secura</strong></span> <span class='ocrx_word' id='word_1_96' title='bbox 940 1640 1002 1713; x_wconf 89' lang='lat' dir='ltr'><strong>est,</strong></span> <span class='ocrx_word' id='word_1_97' title='bbox 1017 1641 1055 1698; x_wconf 89' lang='lat' dir='ltr'><strong>ut</strong></span> <span class='ocrx_word' id='word_1_98' title='bbox 1070 1633 1111 1699; x_wconf 91' lang='lat' dir='ltr'><strong>de</strong></span> <span class='ocrx_word' id='word_1_99' title='bbox 1125 1635 1232 1700; x_wconf 84' lang='lat' dir='ltr'><strong>latere</strong></span> 
     </span>
     <span class='ocr_line' id='line_1_14' title="bbox 131 1733 1232 1821; baseline 0.001 -20"><span class='ocrx_word' id='word_1_100' title='bbox 131 1733 289 1802; x_wconf 75' lang='lat' dir='ltr'><strong>Gallicof</strong></span> <span class='ocrx_word' id='word_1_101' title='bbox 308 1742 451 1815; x_wconf 89' lang='lat' dir='ltr'><strong>taceam,</strong></span> <span class='ocrx_word' id='word_1_102' title='bbox 467 1738 622 1820; x_wconf 85' lang='lat' dir='ltr'><strong>quamuis</strong></span> <span class='ocrx_word' id='word_1_103' title='bbox 642 1755 740 1821; x_wconf 84' lang='lat' dir='ltr'><strong>paenc</strong></span> <span class='ocrx_word' id='word_1_104' title='bbox 756 1737 951 1820; x_wconf 88' lang='lat' dir='ltr'><strong>conspicuis</strong></span> <span class='ocrx_word' id='word_1_105' title='bbox 965 1736 1132 1802; x_wconf 89' lang='lat' dir='ltr'><strong>littoribus</strong></span> <span class='ocrx_word' id='word_1_106' title='bbox 1147 1737 1232 1803; x_wconf 91' lang='lat' dir='ltr'><strong>His·</strong></span> 
     </span>
     <span class='ocr_line' id='line_1_15' title="bbox 131 1839 1232 1924; baseline 0.001 -20"><span class='ocrx_word' id='word_1_107' title='bbox 131 1841 243 1924; x_wconf 87' lang='lat' dir='ltr'><strong>pania,</strong></span> <span class='ocrx_word' id='word_1_108' title='bbox 253 1860 343 1905; x_wconf 91' lang='lat' dir='ltr'><strong>nunc</strong></span> <span class='ocrx_word' id='word_1_109' title='bbox 358 1839 469 1919; x_wconf 88' lang='lat' dir='ltr'><strong>Italia,</strong></span> <span class='ocrx_word' id='word_1_110' title='bbox 481 1860 567 1906; x_wconf 91' lang='lat' dir='ltr'><strong>nunc</strong></span> <span class='ocrx_word' id='word_1_111' title='bbox 582 1840 712 1919; x_wconf 84' lang='lat' dir='ltr'><strong>Africa,</strong></span> <span class='ocrx_word' id='word_1_112' title='bbox 723 1859 814 1904; x_wconf 91' lang='lat' dir='ltr'><strong>nunc</strong></span> <span class='ocrx_word' id='word_1_113' title='bbox 830 1859 944 1903; x_wconf 89' lang='lat' dir='ltr'><strong>omnes</strong></span> <span class='ocrx_word' id='word_1_114' title='bbox 959 1859 1068 1924; x_wconf 90' lang='lat' dir='ltr'><strong>usque</strong></span> <span class='ocrx_word' id='word_1_115' title='bbox 1083 1840 1128 1904; x_wconf 91' lang='lat' dir='ltr'><strong>ad</strong></span> <span class='ocrx_word' id='word_1_116' title='bbox 1145 1840 1232 1906; x_wconf 88' lang='lat' dir='ltr'><strong>Mae-</strong></span> 
     </span>
     <span class='ocr_line' id='line_1_16' title="bbox 130 1942 1232 2029; baseline 0.001 -23"><span class='ocrx_word' id='word_1_117' title='bbox 130 1943 242 2008; x_wconf 91' lang='lat' dir='ltr'><strong>otidas</strong></span> <span class='ocrx_word' id='word_1_118' title='bbox 264 1943 408 2028; x_wconf 85' lang='lat' dir='ltr'><strong>paludes</strong></span> <span class='ocrx_word' id='word_1_119' title='bbox 429 1945 602 2029; x_wconf 86' lang='lat' dir='ltr'><strong>perpetuis</strong></span> <span class='ocrx_word' id='word_1_120' title='bbox 622 1945 711 2009; x_wconf 91' lang='lat' dir='ltr'><strong>curis</strong></span> <span class='ocrx_word' id='word_1_121' title='bbox 726 1950 850 2008; x_wconf 87' lang='lat' dir='ltr'><strong>vacant</strong></span> <span class='ocrx_word' id='word_1_122' title='bbox 865 1948 989 2025; x_wconf 85' lang='lat' dir='ltr'><strong>gentes.</strong></span> <span class='ocrx_word' id='word_1_123' title='bbox 1033 1943 1066 2008; x_wconf 89' lang='grc'><strong>6.</strong></span> <span class='ocrx_word' id='word_1_124' title='bbox 1091 1942 1165 2007; x_wconf 89' lang='lat' dir='ltr'><strong>Nec</strong></span> <span class='ocrx_word' id='word_1_125' title='bbox 1179 1942 1232 2007; x_wconf 92' lang='lat' dir='ltr'><strong>id-</strong></span> 
     </span>
     <span class='ocr_line' id='line_1_17' title="bbox 130 2045 1231 2131; baseline 0.001 -23"><span class='ocrx_word' id='word_1_126' title='bbox 130 2047 223 2111; x_wconf 91' lang='lat' dir='ltr'><strong>circo</strong></span> <span class='ocrx_word' id='word_1_127' title='bbox 235 2047 416 2112; x_wconf 89' lang='lat' dir='ltr'><strong>minoribus</strong></span> <span class='ocrx_word' id='word_1_128' title='bbox 430 2049 562 2131; x_wconf 86' lang='lat' dir='ltr'><strong>gaudiis</strong></span> <span class='ocrx_word' id='word_1_129' title='bbox 574 2048 732 2125; x_wconf 86' lang='lat' dir='ltr'><strong>feruntur,</strong></span> <span class='ocrx_word' id='word_1_130' title='bbox 743 2049 855 2112; x_wconf 90' lang='lat' dir='ltr'><strong>demto</strong></span> <span class='ocrx_word' id='word_1_131' title='bbox 868 2046 1006 2129; x_wconf 90' lang='lat' dir='ltr'><strong>periculi</strong></span> <span class='ocrx_word' id='word_1_132' title='bbox 1019 2055 1124 2124; x_wconf 85' lang='lat' dir='ltr'><strong>metu,</strong></span> <span class='ocrx_word' id='word_1_133' title='bbox 1137 2045 1231 2130; x_wconf 93' lang='lat' dir='ltr'><strong>quod</strong></span> 
     </span>
     <span class='ocr_line' id='line_1_18' title="bbox 130 2147 1231 2232; baseline 0.001 -21"><span class='ocrx_word' id='word_1_134' title='bbox 130 2149 331 2232; x_wconf 86' lang='lat' dir='ltr'><strong>experiundi</strong></span> <span class='ocrx_word' id='word_1_135' title='bbox 347 2152 548 2215; x_wconf 87' lang='lat' dir='ltr'><strong>necessitate</strong></span> <span class='ocrx_word' id='word_1_136' title='bbox 564 2157 777 2232; x_wconf 77' lang='lat' dir='ltr'><strong>caruerunt3‘</strong></span> <span class='ocrx_word' id='word_1_137' title='bbox 798 2149 861 2214; x_wconf 91' lang='lat' dir='ltr'><strong>sed</strong></span> <span class='ocrx_word' id='word_1_138' title='bbox 872 2147 937 2213; x_wconf 91' lang='lat' dir='ltr'><strong>hoc</strong></span> <span class='ocrx_word' id='word_1_139' title='bbox 949 2150 1062 2231; x_wconf 92' lang='lat' dir='ltr'><strong>ipsum</strong></span> <span class='ocrx_word' id='word_1_140' title='bbox 1076 2156 1112 2213; x_wconf 88' lang='lat' dir='ltr'><strong>ct</strong></span> <span class='ocrx_word' id='word_1_141' title='bbox 1123 2150 1158 2213; x_wconf 93' lang='lat' dir='ltr'><strong>in</strong></span> <span class='ocrx_word' id='word_1_142' title='bbox 1171 2149 1231 2214; x_wconf 90' lang='lat' dir='ltr'><strong>ad-</strong></span> 
     </span>
     <span class='ocr_line' id='line_1_19' title="bbox 129 2252 1231 2338; baseline 0.007 -24"><span class='ocrx_word' id='word_1_143' title='bbox 129 2252 374 2320; x_wconf 87' lang='lat' dir='ltr'><strong>ministratione</strong></span> <span class='ocrx_word' id='word_1_144' title='bbox 398 2255 618 2338; x_wconf 85' lang='lat' dir='ltr'><strong>prevideutiae</strong></span> <span class='ocrx_word' id='word_1_145' title='bbox 640 2260 772 2332; x_wconf 87' lang='lat' dir='ltr'><strong>vestrae,</strong></span> <span class='ocrx_word' id='word_1_146' title='bbox 794 2252 884 2317; x_wconf 90' lang='lat' dir='ltr'><strong>etin</strong></span> <span class='ocrx_word' id='word_1_147' title='bbox 906 2252 1077 2318; x_wconf 76' lang='lat' dir='ltr'><strong>feliciore⁸</strong></span> <span class='ocrx_word' id='word_1_148' title='bbox 1098 2253 1231 2322; x_wconf 83' lang='lat' dir='ltr'><strong>fortuna</strong></span> 
     </span>
    </p>
   </div>
   <div class='ocr_carea' id='block_1_3' title="bbox 129 2437 1230 2555">
    <p class='ocr_par' dir='ltr' id='par_1_3' title="bbox 129 2437 1230 2555">
     <span class='ocr_line' id='line_1_20' title="bbox 160 2437 1230 2504; baseline 0.006 -19"><span class='ocrx_word' id='word_1_149' title='bbox 160 2443 171 2470; x_wconf 74' lang='lat'><em>⁶</em></span> <span class='ocrx_word' id='word_1_150' title='bbox 188 2437 274 2500; x_wconf 80' lang='lat' dir='ltr'><strong>Neque</strong></span> <span class='ocrx_word' id='word_1_151' title='bbox 292 2437 344 2490; x_wconf 87' lang='lat' dir='ltr'><strong>ideo</strong></span> <span class='ocrx_word' id='word_1_152' title='bbox 360 2439 439 2490; x_wconf 79' lang='lat' dir='ltr'><strong>miuus</strong></span> <span class='ocrx_word' id='word_1_153' title='bbox 455 2441 561 2502; x_wconf 81' lang='lat' dir='ltr'><strong>gaudent</strong></span> <span class='ocrx_word' id='word_1_154' title='bbox 576 2439 646 2501; x_wconf 82' lang='lat' dir='ltr'><strong>hrp&#39;nr</strong></span> <span class='ocrx_word' id='word_1_155' title='bbox 662 2439 720 2489; x_wconf 85' lang='lat' dir='ltr'><strong>muti</strong></span> <span class='ocrx_word' id='word_1_156' title='bbox 736 2443 823 2489; x_wconf 87' lang='lat' dir='ltr'><strong>metum</strong></span> <span class='ocrx_word' id='word_1_157' title='bbox 840 2438 887 2488; x_wconf 77' lang='lat' dir='ltr'><strong>sihi</strong></span> <span class='ocrx_word' id='word_1_158' title='bbox 897 2439 1016 2489; x_wconf 87' lang='lat' dir='ltr'><strong>udemtum</strong></span> <span class='ocrx_word' id='word_1_159' title='bbox 1027 2454 1087 2504; x_wconf 83' lang='lat' dir='ltr'><strong>esee,</strong></span> <span class='ocrx_word' id='word_1_160' title='bbox 1097 2441 1158 2504; x_wconf 76' lang='lat' dir='ltr'><strong>quod</strong></span> <span class='ocrx_word' id='word_1_161' title='bbox 1170 2441 1230 2491; x_wconf 81' lang='lat' dir='ltr'><strong>illud</strong></span> 
     </span>
     <span class='ocr_line' id='line_1_21' title="bbox 129 2501 537 2555; baseline 0.015 -6"><span class='ocrx_word' id='word_1_162' title='bbox 129 2501 231 2554; x_wconf 80' lang='lat' dir='ltr'><strong>tolerare</strong></span> <span class='ocrx_word' id='word_1_163' title='bbox 241 2518 333 2554; x_wconf 80' lang='lat' dir='ltr'><strong>uerrere</strong></span> <span class='ocrx_word' id='word_1_164' title='bbox 344 2520 389 2555; x_wconf 86' lang='lat' dir='ltr'><strong>uun</strong></span> <span class='ocrx_word' id='word_1_165' title='bbox 398 2505 537 2555; x_wconf 81' lang='lat' dir='ltr'><strong>hahuerunt.</strong></span> 
     </span>
    </p>
   </div>
   <div class='ocr_carea' id='block_1_4' title="bbox 587 2580 768 2604">
    <p class='ocr_par' dir='ltr' id='par_1_4' title="bbox 587 2580 768 2604">
     <span class='ocr_line' id='line_1_22' title="bbox 587 2580 768 2604; baseline -0.011 0"><span class='ocrx_word' id='word_1_166' title='bbox 587 2580 768 2604; x_wconf 58' lang='lat' dir='ltr'><strong>‘nuenton</strong></span> 
     </span>
    </p>
   </div>
   <div class='ocr_carea' id='block_1_5' title="bbox 127 2664 1232 3058">
    <p class='ocr_par' dir='ltr' id='par_1_5' title="bbox 127 2664 1232 3058">
     <span class='ocr_line' id='line_1_23' title="bbox 129 2664 1231 2730; baseline 0.003 -17"><span class='ocrx_word' id='word_1_167' title='bbox 129 2669 156 2714; x_wconf 86' lang='lat' dir='ltr'><strong>et</strong></span> <span class='ocrx_word' id='word_1_168' title='bbox 167 2664 272 2715; x_wconf 87' lang='lat' dir='ltr'><strong>Bertin.</strong></span> <span class='ocrx_word' id='word_1_169' title='bbox 288 2681 376 2730; x_wconf 76' lang='lat' dir='ltr'><strong>quoque</strong></span> <span class='ocrx_word' id='word_1_170' title='bbox 387 2667 507 2717; x_wconf 79' lang='lat' dir='ltr'><strong>nenti-it</strong></span> <span class='ocrx_word' id='word_1_171' title='bbox 525 2667 632 2728; x_wconf 85' lang='lat' dir='ltr'><strong>Curpin.</strong></span> <span class='ocrx_word' id='word_1_172' title='bbox 649 2666 765 2715; x_wconf 87' lang='lat' dir='ltr'><strong>Rhenun.</strong></span> <span class='ocrx_word' id='word_1_173' title='bbox 783 2665 868 2715; x_wconf 83' lang='lat' dir='ltr'><strong>Lirin.</strong></span> <span class='ocrx_word' id='word_1_174' title='bbox 882 2665 975 2727; x_wconf 87' lang='lat' dir='ltr'><strong>Steph.</strong></span> <span class='ocrx_word' id='word_1_175' title='bbox 991 2671 1018 2713; x_wconf 89' lang='lat' dir='ltr'><strong>et</strong></span> <span class='ocrx_word' id='word_1_176' title='bbox 1031 2664 1065 2714; x_wconf 88' lang='lat' dir='ltr'><strong>al.</strong></span> <span class='ocrx_word' id='word_1_177' title='bbox 1077 2672 1138 2714; x_wconf 83' lang='lat' dir='ltr'><strong>aute</strong></span> <span class='ocrx_word' id='word_1_178' title='bbox 1151 2666 1231 2716; x_wconf 83' lang='lat' dir='ltr'><strong>Grut.</strong></span> 
     </span>
     <span class='ocr_line' id='line_1_24' title="bbox 128 2728 1231 2796; baseline 0.003 -18"><span class='ocrx_word' id='word_1_179' title='bbox 128 2745 173 2791; x_wconf 76' lang='lat' dir='ltr'><strong>quc</strong></span> <span class='ocrx_word' id='word_1_180' title='bbox 184 2735 263 2784; x_wconf 81' lang='lat' dir='ltr'><strong>terrm</strong></span> <span class='ocrx_word' id='word_1_181' title='bbox 274 2732 339 2794; x_wconf 83' lang='lat' dir='ltr'><strong>rupit</strong></span> <span class='ocrx_word' id='word_1_182' title='bbox 346 2747 356 2789; x_wconf 91' lang='lat'><strong>,·</strong></span> <span class='ocrx_word' id='word_1_183' title='bbox 374 2732 486 2795; x_wconf 83' lang='lat' dir='ltr'><strong>Gnelph.</strong></span> <span class='ocrx_word' id='word_1_184' title='bbox 504 2748 550 2796; x_wconf 78' lang='lat' dir='ltr'><strong>quc</strong></span> <span class='ocrx_word' id='word_1_185' title='bbox 566 2739 644 2782; x_wconf 87' lang='lat' dir='ltr'><strong>terrur</strong></span> <span class='ocrx_word' id='word_1_186' title='bbox 654 2732 786 2795; x_wconf 86' lang='lat' dir='ltr'><strong>irrumpit,·</strong></span> <span class='ocrx_word' id='word_1_187' title='bbox 802 2732 878 2779; x_wconf 77' lang='lat' dir='ltr'><strong>stuic</strong></span> <span class='ocrx_word' id='word_1_188' title='bbox 890 2730 960 2792; x_wconf 83' lang='lat' dir='ltr'><strong>conj.</strong></span> <span class='ocrx_word' id='word_1_189' title='bbox 973 2728 1074 2779; x_wconf 77' lang='lat' dir='ltr'><strong>deidei.</strong></span> <span class='ocrx_word' id='word_1_190' title='bbox 1100 2745 1146 2794; x_wconf 76' lang='lat' dir='ltr'><strong>quc</strong></span> <span class='ocrx_word' id='word_1_191' title='bbox 1154 2737 1231 2782; x_wconf 74' lang='lat' dir='ltr'><strong>terrun</strong></span> 
     </span>
     <span class='ocr_line' id='line_1_25' title="bbox 128 2795 1232 2856; baseline 0.004 -15"><span class='ocrx_word' id='word_1_192' title='bbox 128 2795 217 2856; x_wconf 80' lang='lat' dir='ltr'><strong>irrupit</strong></span> <span class='ocrx_word' id='word_1_193' title='bbox 227 2797 288 2846; x_wconf 84' lang='lat' dir='ltr'><strong>Ver.</strong></span> <span class='ocrx_word' id='word_1_194' title='bbox 301 2798 411 2846; x_wconf 74' lang='lat' dir='ltr'><strong>Puteum.</strong></span> <span class='ocrx_word' id='word_1_195' title='bbox 421 2798 523 2848; x_wconf 82' lang='lat' dir='ltr'><strong>Bertin.</strong></span> <span class='ocrx_word' id='word_1_196' title='bbox 536 2799 672 2849; x_wconf 72' lang='lat' dir='ltr'><strong>Meri-r</strong></span> <span class='ocrx_word' id='word_1_197' title='bbox 688 2799 749 2846; x_wconf 84' lang='lat' dir='ltr'><strong>vet.</strong></span> <span class='ocrx_word' id='word_1_198' title='bbox 760 2797 843 2845; x_wconf 80' lang='lat' dir='ltr'><strong>Lirin.</strong></span> <span class='ocrx_word' id='word_1_199' title='bbox 853 2800 889 2844; x_wconf 79' lang='lat' dir='ltr'><strong>ert</strong></span> <span class='ocrx_word' id='word_1_200' title='bbox 900 2798 1021 2844; x_wconf 76' lang='lat' dir='ltr'><strong>seruitute.</strong></span> <span class='ocrx_word' id='word_1_201' title='bbox 1046 2796 1098 2844; x_wconf 92' lang='lat' dir='ltr'><strong>Pro</strong></span> <span class='ocrx_word' id='word_1_202' title='bbox 1105 2797 1232 2853; x_wconf 71' lang='lat' dir='ltr'><strong>umritur,</strong></span> 
     </span>
     <span class='ocr_line' id='line_1_26' title="bbox 129 2860 1229 2921; baseline 0.003 -14"><span class='ocrx_word' id='word_1_203' title='bbox 129 2860 218 2910; x_wconf 87' lang='lat' dir='ltr'><strong>Moerl.</strong></span> <span class='ocrx_word' id='word_1_204' title='bbox 231 2861 477 2921; x_wconf 80' lang='lat' dir='ltr'><strong>behetselicitue.-5</strong></span> <span class='ocrx_word' id='word_1_205' title='bbox 495 2865 557 2913; x_wconf 84' lang='lat' dir='ltr'><strong>Vet·</strong></span> <span class='ocrx_word' id='word_1_206' title='bbox 567 2864 650 2914; x_wconf 82' lang='lat' dir='ltr'><strong>Lirin.</strong></span> <span class='ocrx_word' id='word_1_207' title='bbox 664 2863 695 2912; x_wconf 88' lang='lat' dir='ltr'><strong>ud</strong></span> <span class='ocrx_word' id='word_1_208' title='bbox 705 2862 812 2919; x_wconf 68' lang='lat' dir='ltr'><strong>Meum</strong></span> <span class='ocrx_word' id='word_1_209' title='bbox 823 2860 927 2910; x_wconf 83' lang='lat' dir='ltr'><strong>Bertin.</strong></span> <span class='ocrx_word' id='word_1_210' title='bbox 936 2861 967 2908; x_wconf 86' lang='lat' dir='ltr'><strong>ud</strong></span> <span class='ocrx_word' id='word_1_211' title='bbox 983 2860 1094 2920; x_wconf 67' lang='lat' dir='ltr'><strong>illeciur,r</strong></span> <span class='ocrx_word' id='word_1_212' title='bbox 1104 2860 1174 2910; x_wconf 84' lang='lat' dir='ltr'><strong>unde</strong></span> <span class='ocrx_word' id='word_1_213' title='bbox 1186 2862 1229 2912; x_wconf 87' lang='lat' dir='ltr'><strong>Li·</strong></span> 
     </span>
     <span class='ocr_line' id='line_1_27' title="bbox 128 2924 1230 2991; baseline 0.003 -18"><span class='ocrx_word' id='word_1_214' title='bbox 128 2926 181 2973; x_wconf 83' lang='lat' dir='ltr'><strong>rin·</strong></span> <span class='ocrx_word' id='word_1_215' title='bbox 192 2927 262 2991; x_wconf 89' lang='lat' dir='ltr'><strong>conj.</strong></span> <span class='ocrx_word' id='word_1_216' title='bbox 271 2929 301 2976; x_wconf 84' lang='lat' dir='ltr'><strong>ud</strong></span> <span class='ocrx_word' id='word_1_217' title='bbox 312 2928 426 2977; x_wconf 76' lang='lat' dir='ltr'><strong>Martius</strong></span> <span class='ocrx_word' id='word_1_218' title='bbox 432 2947 440 2988; x_wconf 67' lang='grc' dir='ltr'><strong>ς</strong></span> <span class='ocrx_word' id='word_1_219' title='bbox 456 2929 570 2991; x_wconf 87' lang='lat' dir='ltr'><strong>Guelph.</strong></span> <span class='ocrx_word' id='word_1_220' title='bbox 580 2931 612 2978; x_wconf 88' lang='lat' dir='ltr'><strong>ud</strong></span> <span class='ocrx_word' id='word_1_221' title='bbox 620 2927 777 2976; x_wconf 73' lang='lat' dir='ltr'><strong>Mutina-6</strong></span> <span class='ocrx_word' id='word_1_222' title='bbox 794 2926 908 2991; x_wconf 83' lang='lat' dir='ltr'><strong>Guelph·</strong></span> <span class='ocrx_word' id='word_1_223' title='bbox 918 2927 1015 2986; x_wconf 80' lang='lat' dir='ltr'><strong>dempti.</strong></span> <span class='ocrx_word' id='word_1_224' title='bbox 1039 2924 1149 2989; x_wconf 81' lang='lat' dir='ltr'><strong>Cuspin.</strong></span> <span class='ocrx_word' id='word_1_225' title='bbox 1159 2926 1230 2976; x_wconf 85' lang='lat' dir='ltr'><strong>Rhe·</strong></span> 
     </span>
     <span class='ocr_line' id='line_1_28' title="bbox 127 2989 1230 3058; baseline 0.003 -20"><span class='ocrx_word' id='word_1_226' title='bbox 127 3004 188 3039; x_wconf 80' lang='lat' dir='ltr'><strong>nau.</strong></span> <span class='ocrx_word' id='word_1_227' title='bbox 202 2991 293 3053; x_wconf 75' lang='lat' dir='ltr'><strong>Steph.</strong></span> <span class='ocrx_word' id='word_1_228' title='bbox 305 2993 388 3043; x_wconf 83' lang='lat' dir='ltr'><strong>Rivin.</strong></span> <span class='ocrx_word' id='word_1_229' title='bbox 401 3000 429 3044; x_wconf 83' lang='lat' dir='ltr'><strong>ot</strong></span> <span class='ocrx_word' id='word_1_230' title='bbox 446 2995 479 3043; x_wconf 84' lang='lat' dir='ltr'><strong>ul.</strong></span> <span class='ocrx_word' id='word_1_231' title='bbox 492 3001 557 3044; x_wconf 83' lang='lat' dir='ltr'><strong>vett.</strong></span> <span class='ocrx_word' id='word_1_232' title='bbox 574 3010 619 3058; x_wconf 79' lang='lat' dir='ltr'><strong>quo</strong></span> <span class='ocrx_word' id='word_1_233' title='bbox 636 2990 777 3056; x_wconf 78' lang='lat' dir='ltr'><strong>experiundi</strong></span> <span class='ocrx_word' id='word_1_234' title='bbox 785 3008 795 3050; x_wconf 80' lang='lat'><strong>,-</strong></span> <span class='ocrx_word' id='word_1_235' title='bbox 812 2989 916 3041; x_wconf 83' lang='lat' dir='ltr'><strong>Acidul.</strong></span> <span class='ocrx_word' id='word_1_236' title='bbox 932 2991 1002 3053; x_wconf 86' lang='lat' dir='ltr'><strong>conj.</strong></span> <span class='ocrx_word' id='word_1_237' title='bbox 1019 2992 1088 3054; x_wconf 78' lang='lat' dir='ltr'><strong>quod,</strong></span> <span class='ocrx_word' id='word_1_238' title='bbox 1100 2992 1141 3040; x_wconf 85' lang='lat' dir='ltr'><strong>vel</strong></span> <span class='ocrx_word' id='word_1_239' title='bbox 1154 2993 1230 3057; x_wconf 66' lang='lat' dir='ltr'><strong>quior</strong></span> 
     </span>
    </p>
   </div>
   <div class='ocr_carea' id='block_1_6' title="bbox 127 3055 1333 3121">
    <p class='ocr_par' dir='ltr' id='par_1_6' title="bbox 127 3055 1333 3121">
     <span class='ocr_line' id='line_1_29' title="bbox 127 3055 1333 3121; baseline 0.004 -17"><span class='ocrx_word' id='word_1_240' title='bbox 127 3055 213 3107; x_wconf 79' lang='lat' dir='ltr'><strong>Lirin.</strong></span> <span class='ocrx_word' id='word_1_241' title='bbox 225 3058 257 3106; x_wconf 92' lang='lat' dir='ltr'><strong>P.</strong></span> <span class='ocrx_word' id='word_1_242' title='bbox 269 3057 359 3119; x_wconf 85' lang='lat' dir='ltr'><strong>Steph.</strong></span> <span class='ocrx_word' id='word_1_243' title='bbox 373 3059 452 3109; x_wconf 77' lang='lat' dir='ltr'><strong>(irat.</strong></span> <span class='ocrx_word' id='word_1_244' title='bbox 462 3070 489 3110; x_wconf 84' lang='lat' dir='ltr'><strong>ct</strong></span> <span class='ocrx_word' id='word_1_245' title='bbox 500 3069 610 3110; x_wconf 78' lang='lat' dir='ltr'><strong>receuti.</strong></span> <span class='ocrx_word' id='word_1_246' title='bbox 622 3062 776 3121; x_wconf 84' lang='lat' dir='ltr'><strong>receperunt</strong></span> <span class='ocrx_word' id='word_1_247' title='bbox 790 3059 860 3121; x_wconf 77' lang='lat' dir='ltr'><strong>quud.</strong></span> <span class='ocrx_word' id='word_1_248' title='bbox 889 3056 1060 3116; x_wconf 73' lang='lat' dir='ltr'><strong>Pandemos,</strong></span> <span class='ocrx_word' id='word_1_249' title='bbox 1072 3057 1230 3109; x_wconf 68' lang='lat' dir='ltr'><strong>Permutat</strong></span> <span class='ocrx_word' id='word_1_250' title='bbox 1331 3071 1333 3077; x_wconf 87' lang='lat'>·</span> 
     </span>
    </p>
   </div>
   <div class='ocr_carea' id='block_1_7' title="bbox 128 3120 1230 3189">
    <p class='ocr_par' dir='ltr' id='par_1_7' title="bbox 128 3120 1230 3189">
     <span class='ocr_line' id='line_1_30' title="bbox 128 3120 1230 3189; baseline 0.004 -20"><span class='ocrx_word' id='word_1_251' title='bbox 128 3121 226 3171; x_wconf 80' lang='lat' dir='ltr'><strong>Cellar.</strong></span> <span class='ocrx_word' id='word_1_252' title='bbox 239 3137 272 3171; x_wconf 83' lang='lat' dir='ltr'><strong>ex</strong></span> <span class='ocrx_word' id='word_1_253' title='bbox 289 3124 381 3186; x_wconf 59' lang='lat' dir='ltr'><strong>[langii</strong></span> <span class='ocrx_word' id='word_1_254' title='bbox 401 3126 466 3175; x_wconf 79' lang='lat' dir='ltr'><strong>lire.</strong></span> <span class='ocrx_word' id='word_1_255' title='bbox 484 3125 526 3175; x_wconf 83' lang='lat' dir='ltr'><strong>hoc</strong></span> <span class='ocrx_word' id='word_1_256' title='bbox 542 3126 609 3189; x_wconf 62' lang='grc' dir='ltr'><strong>ἐμω</strong></span> <span class='ocrx_word' id='word_1_257' title='bbox 628 3123 713 3173; x_wconf 88' lang='lat' dir='ltr'><strong>Moerl.</strong></span> <span class='ocrx_word' id='word_1_258' title='bbox 732 3122 838 3186; x_wconf 87' lang='lat' dir='ltr'><strong>Cnrpiu.</strong></span> <span class='ocrx_word' id='word_1_259' title='bbox 857 3120 941 3172; x_wconf 81' lang='lat' dir='ltr'><strong>Lirin.</strong></span> <span class='ocrx_word' id='word_1_260' title='bbox 955 3123 1071 3173; x_wconf 83' lang='lat' dir='ltr'><strong>Rhenan.</strong></span> <span class='ocrx_word' id='word_1_261' title='bbox 1082 3123 1175 3187; x_wconf 83' lang='lat' dir='ltr'><strong>Steph.</strong></span> <span class='ocrx_word' id='word_1_262' title='bbox 1187 3125 1230 3173; x_wconf 84' lang='lat' dir='ltr'><strong>hcc</strong></span> 
     </span>
    </p>
   </div>
   <div class='ocr_carea' id='block_1_8' title="bbox 126 3186 1230 3353">
    <p class='ocr_par' dir='ltr' id='par_1_8' title="bbox 126 3186 1230 3353">
     <span class='ocr_line' id='line_1_31' title="bbox 126 3186 1230 3261; baseline 0.001 -24"><span class='ocrx_word' id='word_1_263' title='bbox 126 3186 212 3251; x_wconf 80' lang='lat' dir='ltr'><strong>ipsum,</strong></span> <span class='ocrx_word' id='word_1_264' title='bbox 223 3188 291 3252; x_wconf 86' lang='lat' dir='ltr'><strong>quud</strong></span> <span class='ocrx_word' id='word_1_265' title='bbox 304 3191 436 3241; x_wconf 77' lang='lat' dir='ltr'><strong>revocarit</strong></span> <span class='ocrx_word' id='word_1_266' title='bbox 448 3191 546 3254; x_wconf 78' lang='lat' dir='ltr'><strong>Jaeger.</strong></span> <span class='ocrx_word' id='word_1_267' title='bbox 571 3193 610 3240; x_wconf 83' lang='lat' dir='ltr'><strong>rel</strong></span> <span class='ocrx_word' id='word_1_268' title='bbox 624 3187 779 3254; x_wconf 75' lang='lat' dir='ltr'><strong>providentie</strong></span> <span class='ocrx_word' id='word_1_269' title='bbox 793 3188 911 3238; x_wconf 85' lang='lat' dir='ltr'><strong>Rhenuu.</strong></span> <span class='ocrx_word' id='word_1_270' title='bbox 930 3189 1012 3239; x_wconf 84' lang='lat' dir='ltr'><strong>Lirin.</strong></span> <span class='ocrx_word' id='word_1_271' title='bbox 1030 3198 1057 3239; x_wconf 88' lang='lat' dir='ltr'><strong>et</strong></span> <span class='ocrx_word' id='word_1_272' title='bbox 1073 3189 1165 3254; x_wconf 85' lang='lat' dir='ltr'><strong>Steph.</strong></span> <span class='ocrx_word' id='word_1_273' title='bbox 1191 3190 1230 3261; x_wconf 84' lang='lat' dir='ltr'><strong>uei</strong></span> 
     </span>
     <span class='ocr_line' id='line_1_32' title="bbox 625 3300 732 3353; baseline -0.009 0"><span class='ocrx_word' id='word_1_274' title='bbox 625 3300 732 3353; x_wconf 82' lang='lat' dir='ltr'>NOTAE</span> 
     </span>
    </p>
   </div>
   <div class='ocr_carea' id='block_1_9' title="bbox 126 3395 1229 4319">
    <p class='ocr_par' dir='ltr' id='par_1_9' title="bbox 126 3395 1229 4319">
     <span class='ocr_line' id='line_1_33' title="bbox 127 3395 1229 3465; baseline 0.004 -19"><span class='ocrx_word' id='word_1_275' title='bbox 127 3398 201 3449; x_wconf 82' lang='lat' dir='ltr'><strong>riano</strong></span> <span class='ocrx_word' id='word_1_276' title='bbox 219 3399 276 3464; x_wconf 82' lang='lat' dir='ltr'><strong>ejru</strong></span> <span class='ocrx_word' id='word_1_277' title='bbox 295 3399 376 3451; x_wconf 84' lang='lat' dir='ltr'><strong>fratre</strong></span> <span class='ocrx_word' id='word_1_278' title='bbox 396 3401 505 3452; x_wconf 85' lang='lat' dir='ltr'><strong>mortuis</strong></span> <span class='ocrx_word' id='word_1_279' title='bbox 516 3402 658 3465; x_wconf 81' lang='lat' dir='ltr'><strong>imperator</strong></span> <span class='ocrx_word' id='word_1_280' title='bbox 699 3413 732 3462; x_wconf 83' lang='lat' dir='ltr'><strong>pe</strong></span> <span class='ocrx_word' id='word_1_281' title='bbox 749 3395 863 3448; x_wconf 86' lang='lat' dir='ltr'><strong>Pontum</strong></span> <span class='ocrx_word' id='word_1_282' title='bbox 885 3396 1013 3448; x_wconf 81' lang='lat' dir='ltr'><strong>Euxinum</strong></span> <span class='ocrx_word' id='word_1_283' title='bbox 1029 3397 1109 3448; x_wconf 84' lang='lat' dir='ltr'><strong>hahet</strong></span> <span class='ocrx_word' id='word_1_284' title='bbox 1126 3413 1159 3448; x_wconf 87' lang='lat' dir='ltr'><strong>ex</strong></span> <span class='ocrx_word' id='word_1_285' title='bbox 1177 3414 1229 3450; x_wconf 78' lang='lat' dir='ltr'><strong>unu</strong></span> 
     </span>
     <span class='ocr_line' id='line_1_34' title="bbox 128 3474 1227 3542; baseline 0.003 -18"><span class='ocrx_word' id='word_1_286' title='bbox 128 3474 213 3525; x_wconf 81' lang='lat' dir='ltr'><strong>iactus</strong></span> <span class='ocrx_word' id='word_1_287' title='bbox 227 3482 317 3526; x_wconf 78' lang='lat' dir='ltr'><strong>erran.</strong></span> <span class='ocrx_word' id='word_1_288' title='bbox 328 3479 390 3528; x_wconf 87' lang='lat' dir='ltr'><strong>Chr.</strong></span> <span class='ocrx_word' id='word_1_289' title='bbox 400 3478 582 3529; x_wconf 80' lang='lat' dir='ltr'><strong>ccuxxvr.vir</strong></span> <span class='ocrx_word' id='word_1_290' title='bbox 593 3478 657 3526; x_wconf 87' lang='lat' dir='ltr'><strong>mui-</strong></span> <span class='ocrx_word' id='word_1_291' title='bbox 698 3483 774 3539; x_wconf 83' lang='lat' dir='ltr'><strong>parte</strong></span> <span class='ocrx_word' id='word_1_292' title='bbox 794 3476 953 3541; x_wconf 81' lang='lat' dir='ltr'><strong>Bithyniam,</strong></span> <span class='ocrx_word' id='word_1_293' title='bbox 973 3483 1000 3525; x_wconf 85' lang='lat' dir='ltr'><strong>et</strong></span> <span class='ocrx_word' id='word_1_294' title='bbox 1023 3475 1227 3542; x_wconf 75' lang='lat' dir='ltr'><strong>Paphlagoniam</strong></span> 
     </span>
     <span class='ocr_line' id='line_1_35' title="bbox 126 3551 835 3617; baseline 0.004 -18"><span class='ocrx_word' id='word_1_295' title='bbox 126 3551 160 3600; x_wconf 83' lang='lat' dir='ltr'><strong>tis</strong></span> <span class='ocrx_word' id='word_1_296' title='bbox 173 3551 414 3604; x_wconf 82' lang='lat' dir='ltr'><strong>virtutihusclarns.</strong></span> <span class='ocrx_word' id='word_1_297' title='bbox 447 3553 538 3604; x_wconf 81' lang='lat' dir='ltr'><strong>Galliis</strong></span> <span class='ocrx_word' id='word_1_298' title='bbox 549 3569 657 3617; x_wconf 88' lang='lat' dir='ltr'><strong>recnpe·</strong></span> <span class='ocrx_word' id='word_1_299' title='bbox 698 3566 731 3602; x_wconf 83' lang='lat' dir='ltr'><strong>ex</strong></span> <span class='ocrx_word' id='word_1_300' title='bbox 743 3553 835 3602; x_wconf 87' lang='lat' dir='ltr'><strong>altera.</strong></span> 
     </span>
     <span class='ocr_line' id='line_1_36' title="bbox 127 3628 1228 3695; baseline 0.003 -19"><span class='ocrx_word' id='word_1_301' title='bbox 127 3629 199 3690; x_wconf 86' lang='lat' dir='ltr'><strong>ratis,</strong></span> <span class='ocrx_word' id='word_1_302' title='bbox 219 3637 325 3692; x_wconf 80' lang='lat' dir='ltr'><strong>recepto</strong></span> <span class='ocrx_word' id='word_1_303' title='bbox 342 3629 458 3693; x_wconf 80' lang='lat' dir='ltr'><strong>Illyrico,</strong></span> <span class='ocrx_word' id='word_1_304' title='bbox 476 3630 552 3680; x_wconf 86' lang='lat' dir='ltr'><strong>victis</strong></span> <span class='ocrx_word' id='word_1_305' title='bbox 570 3630 657 3686; x_wconf 85' lang='lat' dir='ltr'><strong>Getis,</strong></span> <span class='ocrx_word' id='word_1_306' title='bbox 729 3629 902 3694; x_wconf 55' lang='lat' dir='ltr'><strong>‘Summum</strong></span> <span class='ocrx_word' id='word_1_307' title='bbox 920 3628 1018 3680; x_wconf 81' lang='lat' dir='ltr'><strong>Ciuitas</strong></span> <span class='ocrx_word' id='word_1_308' title='bbox 1033 3629 1228 3695; x_wconf 84' lang='lat' dir='ltr'><strong>aratamplirri·</strong></span> 
     </span>
     <span class='ocr_line' id='line_1_37' title="bbox 127 3704 1228 3770; baseline 0 -14"><span class='ocrx_word' id='word_1_309' title='bbox 127 3719 158 3756; x_wconf 80' lang='lat' dir='ltr'><strong>ac</strong></span> <span class='ocrx_word' id='word_1_310' title='bbox 169 3704 263 3766; x_wconf 77' lang='lat' dir='ltr'><strong>Brutia,</strong></span> <span class='ocrx_word' id='word_1_311' title='bbox 273 3719 330 3756; x_wconf 90' lang='lat' dir='ltr'><strong>cum</strong></span> <span class='ocrx_word' id='word_1_312' title='bbox 342 3704 368 3753; x_wconf 93' lang='lat' dir='ltr'><strong>in</strong></span> <span class='ocrx_word' id='word_1_313' title='bbox 379 3705 482 3754; x_wconf 83' lang='lat' dir='ltr'><strong>Italiam</strong></span> <span class='ocrx_word' id='word_1_314' title='bbox 496 3706 597 3755; x_wconf 84' lang='lat' dir='ltr'><strong>rediens</strong></span> <span class='ocrx_word' id='word_1_315' title='bbox 609 3721 656 3770; x_wconf 85' lang='lat' dir='ltr'><strong>par</strong></span> <span class='ocrx_word' id='word_1_316' title='bbox 696 3721 738 3756; x_wconf 87' lang='lat' dir='ltr'><strong>ma</strong></span> <span class='ocrx_word' id='word_1_317' title='bbox 754 3706 781 3757; x_wconf 89' lang='lat' dir='ltr'><strong>in</strong></span> <span class='ocrx_word' id='word_1_318' title='bbox 795 3722 840 3757; x_wconf 83' lang='lat' dir='ltr'><strong>ora</strong></span> <span class='ocrx_word' id='word_1_319' title='bbox 854 3706 932 3757; x_wconf 80' lang='lat' dir='ltr'><strong>meria</strong></span> <span class='ocrx_word' id='word_1_320' title='bbox 944 3707 976 3756; x_wconf 81' lang='lat' dir='ltr'><strong>ud</strong></span> <span class='ocrx_word' id='word_1_321' title='bbox 989 3707 1085 3758; x_wconf 87' lang='lat' dir='ltr'><strong>Ortum</strong></span> <span class='ocrx_word' id='word_1_322' title='bbox 1096 3707 1166 3757; x_wconf 85' lang='lat' dir='ltr'><strong>iuter</strong></span> <span class='ocrx_word' id='word_1_323' title='bbox 1178 3707 1228 3756; x_wconf 82' lang='lat' dir='ltr'><strong>Ca·</strong></span> 
     </span>
     <span class='ocr_line' id='line_1_38' title="bbox 128 3778 1214 3846; baseline 0.001 -17"><span class='ocrx_word' id='word_1_324' title='bbox 128 3780 263 3843; x_wconf 86' lang='lat' dir='ltr'><strong>Illyricum</strong></span> <span class='ocrx_word' id='word_1_325' title='bbox 274 3780 324 3829; x_wconf 83' lang='lat' dir='ltr'><strong>iter</strong></span> <span class='ocrx_word' id='word_1_326' title='bbox 336 3778 444 3841; x_wconf 80' lang='lat' dir='ltr'><strong>feceret,</strong></span> <span class='ocrx_word' id='word_1_327' title='bbox 461 3782 548 3831; x_wconf 87' lang='lat' dir='ltr'><strong>Sirmii</strong></span> <span class='ocrx_word' id='word_1_328' title='bbox 560 3796 574 3830; x_wconf 87' lang='lat' dir='ltr'><strong>a</strong></span> <span class='ocrx_word' id='word_1_329' title='bbox 590 3783 654 3830; x_wconf 89' lang='lat' dir='ltr'><strong>mili·</strong></span> <span class='ocrx_word' id='word_1_330' title='bbox 696 3790 783 3834; x_wconf 83' lang='lat' dir='ltr'><strong>tunam</strong></span> <span class='ocrx_word' id='word_1_331' title='bbox 795 3789 823 3833; x_wconf 91' lang='lat' dir='ltr'><strong>et</strong></span> <span class='ocrx_word' id='word_1_332' title='bbox 833 3784 984 3846; x_wconf 85' lang='lat' dir='ltr'><strong>Pachynum</strong></span> <span class='ocrx_word' id='word_1_333' title='bbox 994 3783 1214 3833; x_wconf 87' lang='lat' dir='ltr'><strong>Promontorium.</strong></span> 
     </span>
     <span class='ocr_line' id='line_1_39' title="bbox 128 3856 1226 3924; baseline 0.003 -19"><span class='ocrx_word' id='word_1_334' title='bbox 128 3856 197 3907; x_wconf 80' lang='lat' dir='ltr'><strong>tibur</strong></span> <span class='ocrx_word' id='word_1_335' title='bbox 209 3864 249 3906; x_wconf 83' lang='lat' dir='ltr'><strong>ert</strong></span> <span class='ocrx_word' id='word_1_336' title='bbox 260 3857 367 3920; x_wconf 80' lang='lat' dir='ltr'><strong>occisus,</strong></span> <span class='ocrx_word' id='word_1_337' title='bbox 379 3873 443 3922; x_wconf 85' lang='lat' dir='ltr'><strong>qnos</strong></span> <span class='ocrx_word' id='word_1_338' title='bbox 454 3859 487 3908; x_wconf 91' lang='lat' dir='ltr'><strong>ob</strong></span> <span class='ocrx_word' id='word_1_339' title='bbox 499 3859 602 3908; x_wconf 77' lang='lat' dir='ltr'><strong>ninnium</strong></span> <span class='ocrx_word' id='word_1_340' title='bbox 615 3874 654 3909; x_wconf 84' lang='lat' dir='ltr'><strong>se·</strong></span> <span class='ocrx_word' id='word_1_341' title='bbox 727 3856 739 3890; x_wconf 69' lang='lat' dir='ltr'>f</span> <span class='ocrx_word' id='word_1_342' title='bbox 755 3859 788 3909; x_wconf 86' lang='lat' dir='ltr'><strong>Ut</strong></span> <span class='ocrx_word' id='word_1_343' title='bbox 805 3862 834 3908; x_wconf 88' lang='lat' dir='ltr'><strong>de</strong></span> <span class='ocrx_word' id='word_1_344' title='bbox 847 3860 921 3908; x_wconf 84' lang='lat' dir='ltr'><strong>latere</strong></span> <span class='ocrx_word' id='word_1_345' title='bbox 935 3859 1042 3924; x_wconf 84' lang='lat' dir='ltr'><strong>Gallico]</strong></span> <span class='ocrx_word' id='word_1_346' title='bbox 1058 3859 1096 3908; x_wconf 88' lang='lat' dir='ltr'><strong>Ut</strong></span> <span class='ocrx_word' id='word_1_347' title='bbox 1108 3858 1171 3907; x_wconf 91' lang='lat' dir='ltr'><strong>nihil</strong></span> <span class='ocrx_word' id='word_1_348' title='bbox 1187 3859 1226 3908; x_wconf 90' lang='lat' dir='ltr'><strong>di·</strong></span> 
     </span>
     <span class='ocr_line' id='line_1_40' title="bbox 129 3933 1225 4000; baseline 0.003 -21"><span class='ocrx_word' id='word_1_349' title='bbox 129 3934 264 3983; x_wconf 75' lang='lat' dir='ltr'><strong>veritatem</strong></span> <span class='ocrx_word' id='word_1_350' title='bbox 278 3933 392 3984; x_wconf 80' lang='lat' dir='ltr'><strong>iniamus</strong></span> <span class='ocrx_word' id='word_1_351' title='bbox 409 3934 521 3985; x_wconf 85' lang='lat' dir='ltr'><strong>hahebat</strong></span> <span class='ocrx_word' id='word_1_352' title='bbox 538 3951 579 3986; x_wconf 83' lang='lat' dir='ltr'><strong>un.</strong></span> <span class='ocrx_word' id='word_1_353' title='bbox 593 3936 654 3986; x_wconf 90' lang='lat' dir='ltr'><strong>Chr.</strong></span> <span class='ocrx_word' id='word_1_354' title='bbox 695 3952 750 3987; x_wconf 85' lang='lat' dir='ltr'><strong>cam</strong></span> <span class='ocrx_word' id='word_1_355' title='bbox 769 3937 803 3987; x_wconf 86' lang='lat' dir='ltr'><strong>de</strong></span> <span class='ocrx_word' id='word_1_356' title='bbox 820 3952 850 3987; x_wconf 83' lang='lat' dir='ltr'><strong>aa</strong></span> <span class='ocrx_word' id='word_1_357' title='bbox 867 3937 1007 3986; x_wconf 81' lang='lat' dir='ltr'><strong>Galliarum</strong></span> <span class='ocrx_word' id='word_1_358' title='bbox 1025 3941 1174 4000; x_wconf 72' lang='lat' dir='ltr'><strong>parteque</strong></span> <span class='ocrx_word' id='word_1_359' title='bbox 1192 3934 1225 3985; x_wconf 84' lang='lat' dir='ltr'><strong>ad</strong></span> 
     </span>
     <span class='ocr_line' id='line_1_41' title="bbox 127 4010 1225 4077; baseline 0.005 -19"><span class='ocrx_word' id='word_1_360' title='bbox 127 4022 270 4059; x_wconf 82' lang='lat' dir='ltr'><strong>ccnxxxrr.</strong></span> <span class='ocrx_word' id='word_1_361' title='bbox 287 4010 349 4073; x_wconf 88' lang='lat' dir='ltr'><strong>imp.</strong></span> <span class='ocrx_word' id='word_1_362' title='bbox 362 4024 413 4060; x_wconf 89' lang='lat' dir='ltr'><strong>vrr.</strong></span> <span class='ocrx_word' id='word_1_363' title='bbox 695 4014 888 4072; x_wconf 73' lang='lat' dir='ltr'><strong>marsiliensi,</strong></span> <span class='ocrx_word' id='word_1_364' title='bbox 904 4019 932 4063; x_wconf 86' lang='lat' dir='ltr'><strong>ct</strong></span> <span class='ocrx_word' id='word_1_365' title='bbox 944 4027 1002 4077; x_wconf 78' lang='lat' dir='ltr'><strong>qua</strong></span> <span class='ocrx_word' id='word_1_366' title='bbox 1015 4013 1158 4063; x_wconf 81' lang='lat' dir='ltr'><strong>Galliarum</strong></span> <span class='ocrx_word' id='word_1_367' title='bbox 1171 4013 1225 4063; x_wconf 86' lang='lat' dir='ltr'><strong>vel·</strong></span> 
     </span>
     <span class='ocr_line' id='line_1_42' title="bbox 157 4087 878 4152; baseline 0.006 -16"><span class='ocrx_word' id='word_1_368' title='bbox 157 4088 227 4136; x_wconf 72' lang='lat' dir='ltr'><strong>‘Eu</strong></span> <span class='ocrx_word' id='word_1_369' title='bbox 244 4087 359 4152; x_wconf 77' lang='lat' dir='ltr'><strong>Francis]</strong></span> <span class='ocrx_word' id='word_1_370' title='bbox 378 4089 444 4138; x_wconf 85' lang='lat' dir='ltr'><strong>Rem</strong></span> <span class='ocrx_word' id='word_1_371' title='bbox 463 4087 545 4139; x_wconf 81' lang='lat' dir='ltr'><strong>furius</strong></span> <span class='ocrx_word' id='word_1_372' title='bbox 565 4097 655 4142; x_wconf 83' lang='lat' dir='ltr'><strong>narrat</strong></span> <span class='ocrx_word' id='word_1_373' title='bbox 696 4091 734 4140; x_wconf 88' lang='lat' dir='ltr'><strong>uti</strong></span> <span class='ocrx_word' id='word_1_374' title='bbox 751 4091 819 4140; x_wconf 86' lang='lat' dir='ltr'><strong>latus</strong></span> <span class='ocrx_word' id='word_1_375' title='bbox 830 4095 878 4140; x_wconf 83' lang='lat' dir='ltr'><strong>est.</strong></span> 
     </span>
     <span class='ocr_line' id='line_1_43' title="bbox 129 4161 1224 4228; baseline -0.002 -13"><span class='ocrx_word' id='word_1_376' title='bbox 129 4167 245 4217; x_wconf 72' lang='lat' dir='ltr'><strong>Zosimus</strong></span> <span class='ocrx_word' id='word_1_377' title='bbox 257 4167 301 4216; x_wconf 87' lang='lat' dir='ltr'><strong>lib.</strong></span> <span class='ocrx_word' id='word_1_378' title='bbox 313 4180 332 4216; x_wconf 89' lang='lat' dir='ltr'><strong>r.</strong></span> <span class='ocrx_word' id='word_1_379' title='bbox 726 4175 739 4211; x_wconf 83' lang='lat' dir='ltr'><strong>r</strong></span> <span class='ocrx_word' id='word_1_380' title='bbox 766 4167 797 4216; x_wconf 86' lang='lat' dir='ltr'><strong>lu</strong></span> <span class='ocrx_word' id='word_1_381' title='bbox 820 4166 930 4227; x_wconf 80' lang='lat' dir='ltr'><strong>feliciore</strong></span> <span class='ocrx_word' id='word_1_382' title='bbox 953 4161 1106 4228; x_wconf 72' lang='lat' dir='ltr'><strong>[infectione]</strong></span> <span class='ocrx_word' id='word_1_383' title='bbox 1128 4163 1224 4214; x_wconf 86' lang='lat' dir='ltr'><strong>Utrum</strong></span> 
     </span>
     <span class='ocr_line' id='line_1_44' title="bbox 159 4241 1223 4319; baseline -0.003 -27"><span class='ocrx_word' id='word_1_384' title='bbox 159 4241 171 4276; x_wconf 75' lang='lat'><strong>‘¹</strong></span> <span class='ocrx_word' id='word_1_385' title='bbox 189 4241 278 4306; x_wconf 80' lang='lat' dir='ltr'><strong>Ponto]</strong></span> <span class='ocrx_word' id='word_1_386' title='bbox 290 4241 391 4294; x_wconf 81' lang='lat' dir='ltr'><strong>Pontus</strong></span> <span class='ocrx_word' id='word_1_387' title='bbox 401 4243 469 4293; x_wconf 75' lang='lat' dir='ltr'><strong>Asia</strong></span> <span class='ocrx_word' id='word_1_388' title='bbox 479 4242 587 4294; x_wconf 78' lang='lat' dir='ltr'><strong>Minoris</strong></span> <span class='ocrx_word' id='word_1_389' title='bbox 596 4257 654 4308; x_wconf 91' lang='lat' dir='ltr'><strong>pro·</strong></span> <span class='ocrx_word' id='word_1_390' title='bbox 693 4243 826 4309; x_wconf 78' lang='lat' dir='ltr'><strong>effectione,</strong></span> <span class='ocrx_word' id='word_1_391' title='bbox 839 4246 879 4294; x_wconf 85' lang='lat' dir='ltr'><strong>rel</strong></span> <span class='ocrx_word' id='word_1_392' title='bbox 885 4242 1058 4319; x_wconf 68' lang='lat' dir='ltr'><strong>seminatione:</strong></span> <span class='ocrx_word' id='word_1_393' title='bbox 1076 4241 1223 4312; x_wconf 78' lang='lat' dir='ltr'><strong>mulinego</strong></span> 
     </span>
    </p>
   </div>
   <div class='ocr_carea' id='block_1_10' title="bbox 0 0 1370 4726">
    <p class='ocr_par' dir='ltr' id='par_1_10' title="bbox 0 0 1370 4726">
     <span class='ocr_line' id='line_1_45' title="bbox 0 0 1370 4726; baseline 0 1"><span class='ocrx_word' id='word_1_394' title='bbox 0 0 1370 4726; x_wconf 95' lang='lat' dir='ltr'><strong> </strong></span> 
     </span>
    </p>
   </div>
  </div>
 </body>
</html>
