2730 4726
483 308 766 364 rsunernrous.
805 311 844 360 11.
867 295 900 362 9.
1151 293 1239 365 1167

127 459 324 529 vastatione
355 458 540 523 revocavit.
591 457 624 522 2.
653 455 820 523 Audieras
849 454 1163 539 hoe‚1mperator‘i
1195 477 1238 522 an

127 565 229 648 ipsep
255 580 318 645 per
344 565 377 625 ie
403 560 518 624 divina
543 568 605 625 tua
631 565 740 623 menie
767 577 1003 643 perspexeras,
1029 559 1080 623 ita
1104 558 1239 623 demum

128 667 249 732 hostes
271 663 423 729 funditus
446 682 548 746 posse
570 663 729 737 subverti,
745 663 775 725 si
795 662 830 724 in
851 661 998 744 propriis
1016 661 1152 724 sedibus
1169 663 1237 725 vin·

130 774 298 844 serentur,
318 785 380 829 nec
404 765 554 849 praedam
579 764 692 842 modo,
713 782 813 846 quam
838 764 1019 845 cepissent,
1039 763 1240 842 amitterent,

132 869 191 934 sed
211 870 281 952 ipsi
302 869 465 952 conjuges
484 877 520 931 et
533 867 672 944 liberos,
689 875 724 930 et
739 871 893 949 parentes
908 885 1003 943 suos,
1015 872 1048 931 et
1063 865 1241 932 carissima

133 973 247 1040 omnia
261 976 364 1054 capta
378 969 575 1034 moererent?
621 969 654 1033 3.
679 969 809 1034 Hoetu
825 970 898 1033 sive
915 969 1085 1051 cognitum
1101 975 1242 1033 secutus

134 1095 184 1155 es,
201 1094 263 1140 seu
275 1080 308 1138 ie
325 1079 464 1138 auctore
478 1071 788 1155 tentaturumque
800 1070 1059 1156 pulcherrimum
1072 1078 1137 1136 est.
1169 1071 1204 1135 N
1207 1090 1242 1135 e·

135 1198 202 1260 que
222 1176 314 1240 enim
333 1176 493 1238 minorem
513 1174 646 1238 laudem
664 1192 858 1256 magnarum
875 1192 982 1239 rerum
999 1173 1123 1250 aemuli,
1138 1192 1240 1256 quam

135 1279 202 1365 ipsi
218 1282 384 1343 merentur
403 1281 565 1341 auctores.
609 1276 643 1338 4.
666 1274 878 1354 Quinimmo,
894 1276 1048 1359 quamvis
1067 1276 1239 1358 optimum,

135 1381 308 1447 intentatae
337 1381 408 1442 reia
436 1378 614 1442 consilium
642 1377 786 1441 fortunae
818 1379 1053 1457 committitur3
1087 1377 1241 1442 iteratum

137 1501 218 1549 vero
242 1481 335 1547 idem
356 1487 459 1562 atque
479 1480 656 1564 repetitum
679 1479 723 1545 ad
739 1484 863 1543 certam
878 1479 1001 1562 judicii
1014 1480 1150 1561 gloriam
1166 1499 1242 1563 per·

137 1587 232 1651 tinet.
275 1586 308 1649 5.
331 1583 480 1665 Ideoque
495 1582 559 1646 hoc
575 1600 663 1645 nunc
679 1583 791 1659 ambo,
806 1584 894 1647 sacri
912 1583 1147 1665 Imperatores,
1163 1584 1242 1666 ipso

137 1689 219 1753 estis
241 1687 402 1769 Scipione
424 1685 584 1767 potiores
602 1684 694 1768 quod
717 1691 753 1748 et
775 1691 811 1750 tu
831 1684 1038 1764 Africanum,
1053 1691 1087 1750 et
1106 1691 1141 1750 te
1156 1685 1242 1750 Dio·

139 1791 323 1855 cletianus¹
338 1788 486 1851 imitatus
502 1792 563 1851 est.

182 1892 276 1957 Cur.
301 1906 358 1953 rx.
381 1890 412 1953 1.
435 1889 612 1972 Ingressus
628 1896 682 1954 est
692 1908 795 1975 nuper
809 1889 913 1967 illam,
930 1909 1006 1973 quae
1021 1889 1169 1956 Raetiae·
1187 1899 1242 1956 est

604 2037 788 2060 Oulssnmfl

160 2141 243 2215 tc'sr‘.
256 2150 322 2187 virs.
356 2141 368 2185 l
389 2137 454 2186 Eae.
467 2137 544 2187 Voss.
560 2152 613 2187 rurs
628 2140 740 2200 trejecto,
755 2137 849 2187 omisso
865 2134 1073 2215 pronomina-72
1089 2137 1158 2189 Edd.
1178 2144 1242 2209 vett.

139 2209 352 2319 ttitttffttit
364 2201 1244 2332 ituitlti‘ttt,lttltttuultltrististristis.

142 2345 252 2398 uterque
264 2332 335 2382 Gud.
347 2333 412 2382 Exn.
423 2332 498 2383 Voss.
510 2340 537 2381 et
551 2333 651 2382 aerini,
666 2348 827 2397 pempeserm,
839 2333 907 2396 qrrod
926 2336 1027 2396 recepit
1039 2333 1131 2384 Arate.
1147 2350 1175 2384 ue
1184 2335 1243 2384 libe·

140 2413 179 2447 ros
191 2401 253 2447 Vet.
265 2398 351 2446 Lirin.
364 2397 604 2461 qrrodreeeperunt
615 2398 785 2459 Perisieuses‚
797 2406 823 2448 et
835 2399 926 2462 reliqui
940 2408 1036 2459 preter
1048 2399 1134 2448 liiviu.
1151 2405 1175 2448 et
1186 2400 1242 2448 iiie·

140 2479 180 2512 res
191 2463 307 2526 Gueiplr.
341 2463 414 2518 Mox,
426 2460 518 2511 Aruiz.
532 2470 607 2525 peter
618 2464 687 2525 conj.
703 2465 783 2528 cupite
792 2471 932 2521 moererest‚·
949 2464 1033 2514 Rivin.
1045 2469 1067 2513 l.
1084 2469 1154 2526 rupte
1164 2479 1244 2513 mese·

140 2531 252 2577 rent-³
270 2528 323 2576 Pro
334 2533 450 2586 austeres,
461 2527 571 2590 cuspin.
580 2529 746 2578 ἀπίστει-4
770 2528 822 2578 Pro
833 2529 965 2584 intestata,
978 2530 1043 2579 Exc.
1055 2529 1131 2578 Voss.
1143 2539 1170 2578 et
1180 2529 1242 2581 Vei.

143 2593 226 2641 lirin.
244 2591 359 2648 interire:
376 2592 478 2641 Bestia.
493 2592 622 2654 interrupta.
663 2593 729 2642 Edd.
750 2603 810 2643 snte
834 2593 926 2643 Arntz.
949 2594 1062 2643 iteratum
1081 2595 1161 2651 idem
1177 2595 1244 2644 Exn.

142 2656 219 2708 Voss.
231 2664 340 2720 uterque
357 2655 428 2705 erre.
440 2666 467 2704 et
481 2655 583 2707 Beriiu.
597 2658 710 2707 iteratum
726 2672 781 2707 vero
798 2660 877 2716 idem5
894 2673 970 2721 quern
987 2659 1126 2708 lectionem
1144 2660 1244 2722 recepit

141 2721 310 2771 Aratzenius.
344 2721 418 2781 Mox,
427 2721 486 2768 edd.
498 2721 579 2784 antiq.
595 2724 626 2770 ari
637 2728 725 2771 cenum
733 2723 770 2772 m·
778 2724 881 2784 giarium
890 2725 993 2785 pertinet
1002 2723 1101 2783 judieii.
1135 2723 1188 2770 Pro
1199 2723 1244 2786 rei,

142 2786 227 2837 Lirin.
236 2787 338 2835 erueud.
348 2785 417 2835 reeia'.
437 2785 605 2836 Bertin.Vet.
619 2786 681 2836 Put.
693 2787 744 2837 duu
756 2789 830 2837 codd.
842 2788 919 2837 Grut.
932 2787 1044 2848 Gueipir.
1054 2796 1081 2835 et
1093 2787 1157 2835 Erre.
1168 2787 1245 2836 Voss.

142 2852 275 2901 Scirwsrz.
290 2860 318 2901 et
333 2857 443 2900 recenti.
459 2853 491 2900 ud
508 2858 596 2901 serium
607 2851 697 2911 judieii
712 2853 816 2912 giarium
832 2852 935 2912 pertinet
943 2867 954 2908 ,·
973 2852 1057 2899 Riviu.
1067 2855 1091 2900 2.
1108 2852 1139 2898 ed
1154 2856 1245 2901 eertum

140 2917 244 2978 giarium
258 2916 361 2979 pertinet
373 2915 464 2976 judieii
471 2930 481 2972 ,·
497 2917 580 2965 Beun.
598 2919 628 2965 sd
639 2921 728 2965 eertum
738 2916 828 2974 judieii
842 2916 990 2978 gloriamque
1003 2916 1163 2979 pertinet-5
1175 2915 1244 2965 liles-

142 2980 240 3044 qrreires
250 2982 277 3033 a
288 2995 334 3029 erro
345 2985 414 3043 conj.
426 2980 515 3029 Arnts.
528 2982 560 3029 P.
576 2981 640 3030 sueri
651 2980 717 3028 nmio
728 2978 788 3028 edd.
807 2981 925 3043 qrraedsru
942 2987 1006 3029 vett.
1023 2980 1090 3029 nmio
1101 2981 1164 3030 sueri
1180 2981 1244 3032 Vei.

143 3046 256 3095 Poteuu.
268 3046 370 3094 Berlin.
382 3046 496 3107 Gueipir.
509 3046 574 3094 Exc.
586 3045 661 3094 Voss.
672 3052 700 3093 et
712 3045 776 3094 Erre.
787 3044 932 3094 Schonhev.

173 3110 243 3160 Cur.
256 3123 296 3158 rx.
331 3114 344 3158 1
365 3111 490 3171 Ingressus
506 3125 532 3159 es
549 3111 653 3160 Puteal.
673 3112 746 3158 1476.
763 3111 857 3160 Vener.
870 3111 977 3173 Cuspio.
994 3111 1112 3159 Rhenun.
1132 3110 1244 3174 Navius,

142 3184 253 3240 uterque
265 3174 356 3237 Siepir.
367 3175 444 3223 Grut.
458 3175 541 3224 Paris.
552 3178 623 3225 1643.
641 3176 726 3224 Bsun.
738 3183 764 3224 et
777 3176 894 3225 Paterni.
928 3177 1052 3238 Ingressus
1063 3182 1099 3224 est
1111 3176 1170 3224 Vei.
1183 3177 1246 3228 Put.

143 3241 207 3289 Vei.
220 3239 303 3288 Lirin.
315 3239 373 3288 eud.
385 3240 531 3294 Scirwsrzii‚
542 3247 653 3303 uterque
664 3241 733 3290 Gud.
741 3241 806 3289 Eue.
814 3242 890 3288 Voss.
900 3239 995 3291 cerias.
1005 3241 1104 3290 Acidei.
1114 3241 1244 3292 Schwerz.

139 3311 288 3354 etrecentr.
304 3304 391 3353 Rietr's
399 3303 458 3352 edd.
466 3305 547 3368 antiq.
567 3303 755 3366 Rietisvulgg.
776 3305 878 3354 Rioeiioe
888 3304 964 3354 codd.
975 3306 1244 3370 scirwarziteueiph.

142 3379 170 3421 st
183 3372 253 3420 lire.¹
262 3370 338 3420 Voss.
349 3369 418 3434 quod
430 3370 531 3434 recepit
548 3369 641 3420 Amin.
660 3369 755 3419 Rustic
767 3370 828 3420 Vct.
839 3371 952 3421 Puteau.
968 3378 994 3421 et
1010 3372 1112 3422 Bertiu.
1124 3371 1245 3422 Livineii.

640 3515 749 3567 NOTAE

175 3618 190 3654 v
207 3611 262 3675 lpse
278 3611 353 3676 [ipsa]
377 3614 456 3664 Forte
472 3614 532 3678 ipse,
548 3620 577 3665 ui
592 3614 675 3680 suspi·
696 3630 698 3635 ·
746 3623 757 3649 ¹
775 3616 997 3682 TeDioeieiienus]
1020 3618 1058 3667 Ui
1074 3616 1141 3667 enim
1159 3615 1245 3666 Mssi-

143 3694 222 3737 ceiur
232 3688 373 3737 Livineius.
715 3691 815 3742 minuas
828 3694 972 3743 Germanos
984 3695 1010 3742 iu
1023 3696 1137 3757 ipsorum
1150 3691 1244 3740 tinibus

148 3780 152 3787 ·
176 3762 390 3828 elaterium]
403 3765 470 3816 Qua
482 3769 613 3815 tentemus
623 3767 675 3831 pri·
716 3769 886 3833 oppugnavit,
901 3769 939 3818 sic
956 3769 1132 3819 Diocletianus
1149 3766 1244 3815 Perses

144 3854 215 3890 mum
233 3839 328 3906 absque
341 3857 389 3890 usu
406 3851 433 3890 et
452 3844 624 3908 experientis,
634 3859 675 3909 es,
716 3843 753 3893 eis
766 3845 924 3908 Euphratem
937 3844 1056 3910 primurn,
1073 3854 1125 3893 tum
1139 3840 1245 3892 eosdem

144 3917 168 3965 si
186 3915 254 3966 bene
272 3917 456 3976 successerint,
473 3918 582 3970 fortunas
598 3920 677 3970 tribui
716 3921 828 3984 trajecto
839 3919 927 3981 fluvio,
939 3922 963 3970 in
976 3922 1087 3983 ipsorum
1099 3918 1160 3968 oris.

144 3993 246 4043 solent:
265 4008 322 4057 qua
335 4008 397 4044 vero
410 3995 465 4058 jum
484 3994 556 4047 iscis
568 4004 594 4047 et
605 3996 676 4047 felici
748 4004 761 4030 ⁸
777 3998 866 4048 Ratioe
885 3997 1005 4060 [litatis]
1027 3997 1070 4044 De
1091 3994 1138 4042 hac
1157 3992 1246 4044 Maxi·

144 4074 192 4118 usu
216 4071 382 4134 comprobate
406 4073 557 4138 repetimus,
575 4075 676 4140 judicio
716 4074 793 4124 misni
818 4075 985 4137 expeditione
1009 4069 1120 4119 diximus
1141 4069 1167 4118 in
1189 4071 1245 4134 ejus

145 4151 207 4196 snnt
219 4159 250 4196 ae
262 4146 406 4211 prudentiae
418 4148 579 4202 ascribenda.
717 4150 779 4199 Vita
799 4150 831 4199 ati
852 4164 892 4198 uu.
911 4146 1007 4199 Christi
1027 4149 1084 4197 286.
1112 4145 1244 4196 Liuineius
