2730 4726
360 333 533 384 mssnnr.
557 333 609 392 sn
634 329 858 384 causarum
885 336 1020 386 eunuc.
1150 318 1238 393 1135

130 470 358 544 detestatione
382 480 554 546 viventem
577 477 668 564 epod
692 478 862 562 Margum,
886 481 1038 559 (Moesiae
1059 482 1238 567 oppidum)

128 582 254 664 ingenti
269 583 392 666 praelio
407 584 501 662 vicit,
511 583 679 669 proditum
692 585 736 648 ab
749 584 898 648 exercitu
915 604 988 649 suc.
1001 630 1008 646 .
1019 627 1027 646 .
1040 631 1048 648 .
1059 584 1113 650 Ita
1128 605 1238 650 rerum

129 682 367 750 Romanarum
393 687 532 771 petitum,
559 705 635 752 cum
662 687 838 752 tumultum
864 686 1027 751 rusticani
1058 687 1093 750 in
1121 687 1239 752 Gallia

130 789 374 866 concitassent,
394 797 430 853 ct
445 789 583 854 factioni
597 805 671 853 snae
688 788 926 870 Bagaudarum
949 807 1069 852 nomeu
1085 791 1237 872 impone-

129 897 218 967 mt,
247 890 352 956 doces
382 897 496 957 antem
518 890 899 957 habereutAmandum
927 900 962 955 et
989 890 1171 968 AEliannm,
1194 895 1238 959 ad

130 988 337 1075 subigendos
353 1014 415 1059 eos
431 993 678 1061 Maximianum
705 993 903 1059 Heraclium
928 993 1098 1059 Caesarem
1124 995 1217 1061 misit
1227 1017 1239 1078 ;·

130 1095 190 1177 qui
213 1094 348 1161 levibus
370 1097 499 1180 praeliis
525 1104 676 1182 agrestes
701 1097 846 1177 domuit,
869 1106 904 1162 et
927 1116 1049 1181 pacem
1072 1095 1239 1189 (partem)

130 1195 256 1264 Gallim
277 1200 494 1266 reformavit!

175 1300 221 1365 A.
234 1301 276 1364 G.
290 1302 367 1390 286.
388 1301 467 1366 ‘M.
491 1303 596 1368 Junio
623 1301 780 1368 Maximo
808 1319 849 1366 11.
875 1308 910 1367 ct
930 1299 1049 1368 Vettio
1072 1301 1239 1386 Aquilino

130 1393 352 1481 Consulibus,
365 1403 502 1469 levatos
517 1413 569 1469 est
585 1405 819 1469 Maximianus
842 1405 967 1482 senior,
993 1403 1085 1490 (sive
1100 1404 1237 1470 Hercu·

128 1504 215 1584 lios>
236 1503 292 1568 die
307 1502 538 1569 Kalendarum
554 1504 747 1589 Aprilium,'
771 1507 880 1590 inquit
899 1506 1037 1572 Idacins
1052 1507 1086 1570 in
1103 1508 1238 1590 Fastis;

130 1624 209 1671 cnm
237 1604 368 1673 scilicet
389 1607 626 1672 Diocletianus
652 1608 803 1687 sentiret,
825 1609 869 1673 ad
894 1611 1161 1693 compescendos
1185 1615 1239 1675 tot

129 1713 244 1773 motus
256 1711 319 1774 eibi
336 1718 492 1775 consorte
507 1712 639 1794 imperii
655 1729 741 1796 opus
755 1696 845 1789 esse,
862 1712 991 1777 scilicet
1006 1721 1085 1777 tunc
1102 1713 1236 1777 Diocle·

129 1811 246 1876 ticam
262 1814 296 1876 in
312 1812 472 1897 hybernis
486 1832 633 1893 morans,
655 1834 696 1878 ac
720 1815 846 1879 bellum
869 1816 1031 1880 adversus
1048 1815 1173 1879 Persas
1187 1814 1238 1878 ibi

131 1904 314 1991 adornans,
343 1916 592 1981 Maximianum
617 1918 820 1983 renuntiavit
850 1918 1051 2001 Augustum.
1107 1917 1238 1981 Fodem

131 2028 219 2080 enno
234 2014 408 2095 Germani,
424 2026 585 2103 snperato
599 2020 735 2100 Rheno,
746 2022 778 2086 in
791 2020 913 2086 Galliae
930 2020 1058 2104 oppida
1072 2019 1237 2103 impetum

129 2116 259 2198 icccre3
282 2139 368 2201 quos
394 2128 501 2184 autem
531 2122 662 2187 fortiter
689 2123 868 2188 debellavit
889 2120 1134 2186 Maximianus.
1181 2123 1237 2187 De

129 2236 201 2304 qna
217 2221 358 2286 victoria
371 2223 521 2306 loquitur
537 2223 769 2302 Mamertinus,
787 2225 951 2308 Panegyr.
967 2244 1043 2308 cap.
1063 2241 1096 2286 v.
1143 2223 1238 2308 Quin

130 2327 167 2386 et
189 2322 306 2387 codem
326 2325 391 2390 hcc
410 2345 498 2390 anno
518 2325 717 2406 carausius,
733 2328 838 2392 classi
854 2334 1069 2410 pertractum
1086 2328 1239 2410 Belgicae

130 2431 168 2490 et
192 2423 380 2493 Armorica
404 2429 577 2513 parandae,
605 2436 641 2494 et
665 2429 903 2513 propulsandis
930 2428 1110 2493 Gennanis
1130 2427 1239 2492 maria

129 2526 365 2593 infestantibus
380 2528 572 2612 praefectus,
590 2533 635 2596 ob
652 2534 883 2614 suspicionem
905 2548 987 2596 vero
1008 2531 1237 2595 munerisnon

130 2633 225 2696 recte
250 2629 493 2708 administrati,
515 2652 537 2696 a
560 2632 771 2697 Maximiano
788 2633 908 2716 jussus
928 2633 1063 2709 cecidi,
1091 2638 1238 2716 perpura

129 2737 253 2810 sumta,
267 2733 462 2798 Britannias
478 2735 672 2820 occupavit.
704 2733 817 2814 Quam
833 2752 902 2799 rem
918 2744 1028 2800 canat
1038 2732 1239 2818 Eutropius,

132 2851 190 2901 rx.
205 2835 260 2900 21.
702 2831 705 2838 ’
747 2856 748 2859 ’
1234 2850 1237 2856 ’

173 2936 220 3001 Α.
240 2936 279 3002 C.
301 2937 377 3003 287.
409 2935 629 3003 Diocletiano
650 2937 757 3003 Jovio
779 2934 869 3018 Aug.
887 2951 945 2999 111.
969 2941 1005 2999 et
1021 2933 1259 3028 Maximiano

131 3039 297 3105 Herculio
320 3039 408 3122 Aug.
434 3039 652 3122 Consulibus,
675 3039 944 3126 ipsis'Kalcndis
958 3039 1143 3120 Jannariis,
1160 3039 1235 3105 Ma·

129 3142 300 3208 ximiancs
316 3141 494 3226 Angustus
519 3144 679 3226 insignem
707 3145 882 3210 victoriam
908 3142 1023 3206 retulit
1037 3141 1078 3205 de
1094 3141 1237 3208 Germa⁴

129 3247 195 3323 nis,
208 3247 265 3329 qni
281 3247 325 3311 ad
337 3245 506 3312 Treveros
518 3264 639 3331 usque,
651 3247 686 3311 in
699 3267 769 3331 qua
782 3245 942 3330 primaria
954 3243 1138 3308 Galliarum
1153 3245 1236 3309 urbs

129 3348 206 3432 ipsc
221 3348 354 3430 agebat,
370 3356 599 3432 pervenerant.
646 3347 881 3413 Diocletianus
896 3363 974 3410 vero
987 3364 1056 3409 rem
1072 3344 1237 3410 adsersus

129 3450 256 3516 Persas
271 3450 415 3517 feliciter
430 3453 549 3535 gessit,
564 3452 642 3517 dum
659 3450 805 3528 Narseo,
819 3449 998 3513 Persarum
1012 3447 1094 3528 regi,
1110 3447 1240 3512 bellam

130 3552 175 3617 de
189 3554 349 3637 proximo
363 3559 546 3633 ostentans,
562 3559 691 3618 tantum
703 3551 845 3618 incussit
860 3557 1030 3626 terrorem,
1045 3557 1085 3613 ut
1100 3549 1156 3614 hic
1171 3567 1236 3613 non

129 3661 261 3737 tantum
289 3655 482 3721 adventanti
513 3655 708 3740 imperatori
738 3655 826 3719 ultro
851 3651 993 3718 cesserit
1022 3648 1139 3735 Syria3
1174 3649 1236 3714 sed

129 3758 233 3823 etiam
249 3776 371 3841 pacem
389 3758 535 3841 supplex
557 3777 617 3840 per
638 3757 840 3840 legationem
862 3752 1043 3836 rogaverit.
1089 3754 1143 3817 De
1160 3750 1237 3815 Ma·

129 3861 272 3924 ximiani
298 3861 439 3925 victoria
471 3860 541 3943 agit
572 3860 791 3925 Mamertinus
818 3859 983 3939 Panegyr.
1009 3866 1164 3937 capvt.
1191 3852 1239 3918 dc

130 3963 338 4028 Diocletiani
351 3964 500 4028 rebnsiu
518 3961 640 4029 Persia
654 3963 759 4046 gestis
775 3978 851 4044 cap.
866 3975 934 4022 vrr.
950 3981 961 3999 ·
978 3956 1034 4020 Ex
1050 3955 1104 4019 his
1118 3954 1239 4039 itaque

129 4064 230 4131 rebus
257 4065 360 4150 gestis
387 4067 519 4150 utrique
546 4066 704 4148 Angusto
728 4063 918 4146 triumphu-s
933 4059 1057 4124 Romae
1077 4051 1258 4151 decretus

129 4168 241 4237 lamec
256 4166 396 4247 videtur,
416 4170 474 4252 qui
499 4169 655 4254 quamvis
669 4184 785 4252 nonne
800 4166 879 4249 ipsa
897 4161 996 4227 suerit
1019 4165 1099 4226 tunc
1120 4176 1237 4244 perca
