2730 4726
403 317 571 369 suessan
596 316 687 369 soc.
725 299 861 370 stt-l«
1088 299 1175 368 loto

71 465 137 532 ciis
165 464 356 531 vincebant·
407 462 438 530 {i
464 460 683 540 Quinetiam
707 459 919 544 prandiorum
943 465 978 527 ot
1003 479 1175 528 mnarum

70 569 265 636 elaboratas
280 565 526 648 magnitudines
542 564 733 648 respublica
747 563 914 631 sentiebat
927 582 938 642 ;
960 582 1038 630 cum
1051 563 1176 647 quaesi·

71 671 217 741 tissime
232 670 358 753 dapos⁸
379 688 449 733 non
472 673 583 750 gustu,
607 667 666 732 sed
691 664 945 734 difficultatibus
970 665 1176 733 estimaren-

72 780 140 852 tur,
150 772 319 847 miracula
333 771 457 847 ovium,
473 771 645 853 longinqui
661 770 763 835 muris
784 769 910 853 pisces,
925 767 1024 835 alieni
1046 773 1175 856 tempo-

72 877 121 945 ris
150 895 266 960 poma,
296 876 424 941 aestivae
454 870 574 950 nives,f
603 874 760 958 hybernae
790 893 892 940 rosan.
937 872 1027 939 Haec
1055 881 1176 940 cuncta

60 980 217 1059 -aoimus,
248 978 457 1060 voluptatum
488 978 633 1044 omnium
663 976 783 1050 victor,
814 973 950 1059 abjecit.
991 974 1027 1042 g,
1049 975 1175 1060 Neque

72 1083 163 1149 enim
177 1084 208 1147 ei
224 1081 384 1164 parandae
400 1085 478 1146 sunt
492 1082 667 1164 picturatae
683 1097 880 1145 marmorum
897 1083 1032 1155 crusiae,
1049 1085 1083 1145 ct
1098 1080 1175 1144 soli.

73 1183 118 1251 tio
131 1202 216 1249 auro
231 1188 323 1249 tecta
337 1182 506 1266 laqueata,
524 1183 581 1265 qui
595 1183 754 1264 majorem
774 1180 849 1248 anni
873 1188 1001 1262 partem
1026 1181 1062 1249 in
1085 1182 1176 1247 nuda

71 1285 176 1354 humo
192 1287 302 1366 cubet,
316 1292 350 1351 ct
364 1285 453 1351 ooelo
469 1292 597 1353 tantum
613 1293 763 1368 togatum
787 1303 896 1367 nequo
916 1285 1025 1351 turbe
1045 1284 1178 1351 institu-

72 1396 183 1457 torum
210 1389 254 1454 ad
269 1389 409 1455 delicias
439 1389 676 1464 ministrorum,
698 1389 753 1455 oni
778 1395 848 1455 tam
879 1407 991 1470 pauca
1021 1388 1091 1453 sint
1115 1386 1176 1453 mi-

72 1492 265 1573 nistranda;
299 1511 410 1575 nequo
431 1501 565 1576 tempus
595 1492 766 1575 epularum
792 1491 837 1570 oi,
867 1491 925 1574 qui
951 1491 1082 1575 saepius
1107 1499 1176 1556 sta·

73 1595 197 1663 tarium
224 1595 400 1680 prandium
431 1594 474 1659 ad
506 1597 746 1663 necessitatem
776 1593 912 1661 humani
942 1595 1093 1678 corporis
1119 1613 1176 1658 ca·

72 1698 158 1782 piat,
183 1698 332 1780 gaudens
356 1700 521 1767 castrensi
551 1700 640 1774 cibo,
666 1699 818 1765 ministro
843 1699 956 1775 obvio,
988 1706 1021 1764 ot
1049 1698 1177 1783 poculo

73 1799 237 1867 fortuitos

118 1900 210 1983 Cas.
235 1917 309 1966 xn.
353 1905 383 1968 l.
407 1903 477 1971 Sed
492 1905 574 1971 iuter
588 1904 662 1971 haec
680 1903 794 1970 mirari
816 1903 903 1970 satis
927 1922 1070 1985 nequeo,
1085 1902 1177 1985 qnod

73 2009 144 2071 tam
157 2023 273 2073 severe
288 2026 412 2091 pascus
427 2007 463 2071 in
479 2012 594 2083 semet,
606 2006 640 2072 in
656 2005 749 2071 cives
766 2023 845 2072 suos
862 2012 930 2072 tam
945 2004 1094 2070 liberalis
1110 2011 1179 2082 est,

73 2125 115 2175 ac
131 2109 312 2191 remissum
327 2110 479 2179 laborum
488 2110 674 2193 asperrima
686 2109 753 2176 sibi
768 2127 915 2184 sumens,
926 2114 964 2173 ut
976 2126 1039 2171 nos
1049 2106 1176 2191 qnietis

540 2303 723 2326 ΟΜΝΗ

73 2423 90 2469 8
108 2419 170 2470 Vct.
189 2421 272 2472 Livio.
290 2429 317 2472 et
333 2423 448 2486 Gueiph.
459 2429 530 2487 utque
544 2437 672 2474 sumnam.
705 2423 780 2484 Mox,
797 2422 929 2472 elaboratus
939 2420 1014 2470 deest
1033 2422 1057 2470 in
1076 2421 1181 2472 Puteol.

75 2485 194 2535 Rhenan.
206 2487 242 2537 Η.
256 2489 348 2552 steph.
367 2489 449 2539 Licin.
467 2489 553 2539 Risin.
582 2489 700 2540 ninutas
717 2488 895 2551 magnitudines
912 2487 1007 2537 nabent
1018 2488 1081 2539 Vct·
1094 2488 1178 2539 Lisia.

73 2549 178 2600 Bestia.
191 2552 297 2616 Cuspio.
313 2554 344 2605 Ρ.
355 2553 445 2615 stepo.
455 2553 533 2603 Grut.
545 2560 573 2602 et
584 2561 696 2602 recenti.
726 2553 855 2603 emiosutns
865 2553 1041 2613 magnitudines
1052 2553 1112 2602 Vct.
1126 2552 1179 2602 Pu·

74 2624 147 2666 toan.
158 2617 231 2667 (ind.
241 2626 269 2668 st
280 2620 368 2669 Moesl.
391 2620 511 2668 Romam
520 2617 741 2682 populussnsscieiut
750 2619 854 2668 Potoni.
865 2617 980 2669 Risensn.
994 2618 1029 2667 Η.
1037 2617 1179 2682 steph-Li·

75 2682 265 2733 simetRisin.
293 2683 360 2734 Vide
379 2685 455 2734 Nott.
473 2685 550 2733 Vari.
577 2684 781 2747 conquisitissimoe
800 2683 885 2735 Moesi.
904 2691 931 2735 ct
949 2683 1020 2737 (iuti.
1045 2697 1092 2731 non
1127 2687 1179 2735 ests

74 2745 137 2796 end.
149 2756 210 2796 unte
223 2749 305 2798 Livia.
333 2765 379 2798 non
388 2756 462 2811 gustu
473 2750 534 2798 Vct.
546 2748 657 2799 Putesn.
667 2748 781 2811 Gueiph.
794 2749 860 2796 Eue.
872 2748 1018 2799 Schonlsov.
1030 2757 1058 2796 et
1066 2747 1097 2796 cd
1117 2780 1125 2797 .
1137 2745 1177 2797 r'c·

74 2813 207 2862 conscita
219 2829 320 2878 quoque
332 2815 399 2878 conj.
413 2814 577 2864 Rhenum-i
596 2815 679 2882 Neque
689 2815 883 2879 eiccmpurontioe
895 2814 955 2863 edd.
968 2821 1033 2862 vett.
1055 2817 1179 2875 morundo

73 2876 179 2927 Bestia.
205 2881 301 2943 mande
311 2880 372 2929 Vct.
388 2879 471 2929 Livin.
495 2880 638 2942 eipnrundoe
650 2879 763 2942 Gnolpis.
775 2887 802 2927 et
818 2879 906 2928 Moesi.
931 2880 1032 2942 picture
1043 2877 1113 2927 Gud.
1126 2879 1179 2927 Pu·

41 2968 49 2987 ·
75 2942 515 3009 teol.Rhennu.H.Stsph.ltivin.
540 2945 666 3009 maturate
676 2946 741 2996 Exn.
752 2943 896 2997 Schouhos.
908 2945 995 2997 Livio.
1006 2944 1038 2994 Ρ.
1050 2943 1141 3012 Steph-
1151 2952 1179 3008 ις

73 3015 201 3058 sensuit(
214 3014 277 3059 teetn
294 3010 559 3060 incensissimam
577 3008 671 3060 Asntz.
688 3011 731 3075 qui
748 3009 834 3060 scotl-
850 3009 964 3074 Guciph.
981 3009 1098 3064 resumis
1115 3014 1162 3065 sect

73 3073 191 3137 motu.
225 3074 300 3138 Mox,
318 3025 403 3125 [isin.
423 3075 490 3139 conj.
503 3075 525 3124 si
538 3074 580 3138 qui
595 3075 744 3140 mojorem..
758 3076 799 3125 .ei
815 3075 855 3123 cui
872 3081 930 3134 tom,
949 3079 991 3139 isc.
1018 3073 1106 3142 Gucip

75 3138 138 3188 Vst-
150 3139 260 3189 Pntesn.
268 3155 345 3204 pusca
355 3145 420 3190 sunt.
448 3141 510 3189 Vot.
524 3141 637 3193 Putean.
650 3139 860 3205 lauantemne.

107 3203 178 3256 Cas.
191 3217 244 3255 xu-
270 3211 283 3256 l
302 3205 407 3258 Potoni.
426 3207 543 3256 Rhenan.
564 3205 655 3269 steph·
676 3205 761 3255 Licin.
782 3205 868 3257 Rivln.
883 3219 969 3271 parcan
985 3204 1079 3259 sibimet
1085 3220 1097 3265 ,·
1116 3200 1180 3257 Vatss

74 3268 188 3321 Potens.
201 3268 264 3321 Vnt.
275 3271 360 3323 Livio.
372 3272 473 3322 Bertiu.
486 3272 598 3334 Guelpn.
610 3272 675 3322 lixo.
684 3270 832 3321 Schonhos·
845 3271 953 3338 Cuspio.
964 3269 1094 3335 ascopa
1102 3271 1179 3324 Grnt.

570 3435 680 3488 NOTAE

73 3534 202 3586 ticionum.
233 3534 333 3585 Tutilius
352 3550 400 3600 pro
415 3536 474 3586 Mil.
496 3551 553 3602 esp·
565 3541 607 3589 nn.
681 3531 806 3584 ‘Eetion
818 3533 896 3598 niues]
913 3535 951 3584 Ut
969 3535 994 3585 ln
1014 3534 1117 3584 Inveni
1132 3533 1178 3606 im·

75 3613 153 3665 ‘Quo
175 3612 200 3660 in
220 3608 298 3660 fundo
316 3609 423 3677 proptor
437 3615 538 3663 insanas
549 3613 606 3662 ilias
646 3608 775 3677 pensionis
787 3606 905 3664 convivio
917 3614 1056 3677 contigisse
1076 3614 1113 3662 nit
1129 3613 1179 3662 Ca·

75 3687 280 3737 substructiones
296 3686 375 3737 sociis
392 3691 461 3738 mille
478 3690 607 3742 hominnm
648 3690 782 3755 pitolinus.

76 3764 247 3815 versabatur!
264 3766 299 3815 Et
317 3780 376 3828 cap.
392 3771 433 3815 85.
448 3766 526 3816 ‘Aras
545 3783 608 3832 quas
680 3774 693 3809 ⁸
712 3766 771 3814 Cilo
785 3800 812 3816 ..
828 3801 835 3816 .
849 3767 967 3832 fortuito]
991 3769 1067 3817 ‘Nec
1086 3765 1179 3816 fortui-

73 3842 296 3895 substructionum
316 3843 412 3894 insanis
433 3844 542 3893 molibus
562 3859 608 3908 op·
649 3849 703 3893 tum
722 3857 851 3906 spernens
874 3845 998 3907 cespitem
1020 3845 1091 3908 leges
1111 3848 1179 3896 sine·

76 3916 225 3983 presserat!
486 3942 488 3946 ⁴
648 3919 730 3974 barit,'
748 3920 773 3968 id
791 3928 830 3969 est
850 3921 962 3970 obvium.
990 3920 1178 3974 Julisnisbsti.

108 3994 413 4060 tonantissimum]
439 3997 553 4048 Similem
569 3998 605 4047 ln·
648 3997 762 4062 nentium
793 4005 820 4048 st
842 3999 1041 4060 tempersntisns
1070 4001 1177 4051 miritiee

75 4085 136 4124 cuns
147 4071 228 4122 hsbot
237 4072 353 4125 Pacatus
363 4086 419 4136 cap.
435 4087 497 4126 ¹111.
509 4085 536 4124 st
547 4088 607 4124 xiv.
648 4074 755 4123 laudaut
771 4077 849 4123 etism
872 4075 915 4138 qui
932 4082 1022 4126 cstsss
1040 4075 1098 4140 ejus
1116 4079 1179 4129 sitis

76 4149 121 4201 nisi
133 4148 206 4211 plora
218 4148 300 4198 videri
312 4159 419 4216 possunt
430 4149 464 4202 de
479 4151 606 4202 Romano·
648 4153 776 4204 acerrime
788 4162 910 4217 csspunts

75 4239 134 4278 sum
144 4226 206 4277 lusu
218 4226 246 4276 in
256 4226 392 4280 conviviis.
