2730 4726
139 294 229 363 1266
652 311 739 360 vrra

185 481 229 547 A.
241 479 286 546 U.
295 480 334 548 C.
352 495 481 545 nxxv.
506 479 629 546 Christi
646 471 825 547 eenxxrr.
851 479 1025 549 Aureliani
1040 481 1130 569 Aug.
1149 501 1208 550 ιιι.
1224 485 1227 489 ’

447 650 452 659 ,
467 582 664 648 Constantii
683 584 789 648 AEtat.
807 599 910 649 xxtr.

184 701 401 767 Constantius
433 702 494 766 ‘in
519 702 630 786 primo
655 703 770 768 aetatis
798 701 907 780 flore,'
931 704 1041 787 inquit
1065 703 1252 773 Eumenius

140 805 307 890 Panegyr.
330 822 397 868 vu.
420 825 497 888 cap.
512 808 544 870 4.
582 803 840 870 Constantinum
860 807 986 889 genuit,
1008 808 1100 891 quod
1119 807 1167 873 ad
1192 830 1252 874 an-

138 927 218 972 num
248 908 338 973 hunc
368 906 493 972 Christi
524 906 934 971 ecnxx11.·reserendum
965 928 1043 972 esse
1073 911 1181 993 liquet
1204 930 1251 975 ex

140 1009 354 1075 Constantini
379 1011 484 1073 obitu.
530 1009 697 1073 Helenam
727 1009 940 1074 Constantini
970 1018 1109 1075 matrem
1140 1010 1251 1077 fuisse

139 1113 275 1179 tradunt
300 1112 464 1178 Historiae
490 1111 747 1176 Ecclesiastieae
773 1113 958 1195 scriptores
982 1132 1100 1177 omnes
1121 1109 1157 1178 et
1170 1112 1250 1178 Jus-

138 1215 255 1280 tiuian.
285 1213 765 1297 11.Nov.Constit.aliique.
810 1213 961 1278 Eandem
988 1222 1101 1280 autem
1132 1235 1248 1281 veram

138 1316 332 1383 Constantii
360 1317 535 1400 conjugem
565 1317 681 1392 fnisse,
708 1322 826 1379 contra
852 1315 1041 1394 Zosimum,
1068 1317 1249 1382 Ethnicos·

138 1439 205 1504 que
231 1421 411 1505 scriptores
443 1419 597 1497 Graecos,
628 1437 690 1502 pro
721 1437 785 1482 suo
816 1439 895 1502 erga
919 1417 1112 1498 Romanos,
1143 1420 1248 1510 inpri-

136 1525 270 1608 misque
285 1523 497 1590 Christianos
512 1521 737 1605 Imperatores
753 1521 832 1587 odio
851 1506 1028 1606 utriusque
1049 1514 1170 1607 pudori
1186 1525 1246 1588 oh-

137 1631 326 1706 treetantes,
352 1627 473 1709 probat
497 1626 597 1689 locus
622 1625 748 1708 Paneg.
767 1641 817 1687 vr.
834 1645 863 1690 c.
878 1625 911 1688 3.
936 1626 993 1689 ubi
1017 1625 1093 1709 ejus
1116 1632 1245 1706 auctor,

137 1709 295 1812 'quisquis
311 1736 374 1804 est,
391 1729 548 1792 instituta
563 1728 798 1793 Constantium
821 1728 906 1792 inter
928 1736 962 1792 et
984 1727 1245 1794 Constantinum

137 1834 387 1915 comparatione
401 1852 409 1896 ε
434 1836 444 1865 ‘
461 1830 583 1914 Neque
599 1829 710 1906 enim,'
726 1831 849 1914 inquit,
867 1837 876 1865 ‘
891 1831 1000 1897 forma
1016 1839 1146 1896 tantum
1161 1833 1197 1898 in
1214 1838 1246 1898 te

137 1937 256 2020 patris,
273 1932 506 2011 Constantine,
522 1921 697 1998 sedetiam
714 1935 932 2011 continentia,
954 1934 1132 2013 fortitudo,
1144 1934 1245 2020 justi·

137 2037 198 2114 tia,
214 2037 395 2121 prudentia
410 2056 485 2100 sese
500 2036 589 2100 votis
610 2034 758 2118 gentium
781 2041 1002 2118 praesentant
1049 2034 1131 2114 Quo
1146 2038 1245 2116 enim,

135 2142 242 2223 magis
259 2140 495 2205 continentiam
519 2138 626 2221 patris
647 2150 784 2219 aequare
806 2138 964 2220 potuisti,
986 2157 1087 2221 quarn
1103 2140 1199 2223 quod
1214 2147 1244 2205 te

136 2243 179 2306 ab
195 2243 271 2326 ipso
287 2241 352 2305 fine
367 2241 521 2324 pueritiae
536 2241 628 2304 illico
644 2239 845 2305 matrimonii
860 2241 993 2322 legibus
1008 2240 1190 2321 tradidisti,
1205 2250 1244 2306 ut

135 2343 245 2426 primo
261 2344 413 2425 ingressu
430 2341 674 2406 adolescentiae
698 2339 863 2406 formares
880 2344 1026 2406 animum
1043 2343 1243 2423 maritalem,

82 2480 89 2491 ·
135 2445 216 2509 nihil
232 2445 273 2509 de
289 2444 465 2510 concessis
482 2445 577 2509 aetati
595 2445 831 2529 voluptatibus
843 2445 880 2509 iu
894 2446 958 2509 hoc
973 2465 1106 2511 sacrum
1123 2455 1243 2530 pectus

136 2547 351 2613 admitteres:
375 2567 499 2610 novum
512 2548 670 2630 jamtum
688 2547 898 2623 miraculum,
909 2546 1046 2630 juvenis
1058 2541 1243 2615 uxo'riust’

137 2651 225 2731 Quae
242 2656 356 2716 autern
372 2652 454 2714 ratio
469 2650 529 2712 illa
545 2650 669 2713 fuisset
684 2649 846 2713 laudandi
867 2647 1091 2727 Constantini,
1104 2653 1151 2731 si,
1167 2669 1243 2718 cum

134 2753 165 2818 is
180 2774 224 2818 ex
241 2753 376 2818 Helena
400 2771 465 2816 non
488 2753 639 2834 legitimo
665 2752 877 2816 matrimonio
901 2752 1048 2834 genitum
1064 2771 1101 2815 se
1117 2771 1140 2816 a
1155 2752 1243 2819 Cou-

134 2858 258 2922 stantio
274 2858 380 2939 probe
392 2861 515 2933 nosset,
528 2855 769 2919 continentiam
782 2849 889 2938 patris
901 2871 1035 2938 aequare
1048 2847 1241 2937 diceretur't

133 2955 288 3042 Idipsum
305 2959 503 3023 confirmant
519 2958 637 3023 Victor
656 2963 689 3023 et
711 2958 907 3041 Eutropius,
933 2957 1012 3022 dom
1037 2957 1135 3022 aiunt
1155 2957 1242 3023 Con·

24 3049 27 3056 ’
134 3060 307 3137 stantium,
324 3066 360 3124 ut
375 3079 453 3123 eum
468 3059 617 3124 Caesaris
631 3061 766 3125 nomine
788 3060 1013 3138 Theodoram,
1037 3057 1242 3126 Maximiani

133 3163 332 3246 privignam,
346 3163 380 3225 in
395 3161 572 3248 conjugem
594 3165 774 3247 acciperet,
789 3165 932 3249 priorem
946 3161 1124 3246 conjugem
1137 3165 1243 3243 (nem-

133 3281 178 3347 pe
211 3263 389 3344 Helenam)
412 3264 591 3349 repudiare
616 3273 782 3332 coactum.
827 3265 937 3350 Atqui
969 3264 1142 3349 repudiari
1172 3285 1241 3334 non

132 3365 256 3432 dicitur
270 3368 334 3431 nisi
350 3388 427 3451 quae
442 3387 529 3432 uxor
545 3374 607 3433 est.
901 3438 905 3447 ,

178 3467 302 3534 Utrum
317 3489 396 3534 vero
413 3471 473 3535 illa
488 3471 623 3534 natione
639 3460 788 3554 Bithyna
803 3469 912 3548 fuerit,
925 3475 962 3534 ut
973 3477 1053 3554 post
1064 3467 1241 3554 Nicepho-

133 3589 206 3636 rum
223 3571 340 3655 probat
356 3559 506 3655 Lipsius,
523 3593 565 3637 an
592 3573 755 3655 Drepani,
782 3581 842 3638 aut
863 3573 977 3650 Tarsi,
1001 3583 1062 3638 aut
1086 3571 1241 3652 Edessae,

132 3681 192 3739 ant
207 3671 327 3738 Naissi
349 3680 457 3757 nata37
473 3695 515 3739 an
540 3676 772 3755 Treverensis,
800 3683 839 3739 ut
865 3695 909 3739 ex
931 3673 1133 3740 Constantio
1158 3675 1240 3740 Por·

133 3762 365 3860 ph'yrogenito,
382 3783 491 3840 vetere
508 3780 737 3861 manuscripto
759 3777 954 3860 Marquardi
972 3775 1108 3842 Freheri
1124 3778 1239 3842 studio

133 3897 152 3941 e
183 3864 340 3942 Palatina
364 3878 578 3944 Bibliotheca
604 3886 709 3958 eruto,
735 3899 779 3942 ex
808 3880 1011 3962 Berongosio
1035 3881 1076 3943 de
1101 3879 1239 3946 Invent.

132 3976 232 4043 Cruc.
251 3996 307 4044 ιιι.
324 3981 356 4047 2.
380 3980 523 4064 aliisque
545 3984 687 4066 probant
708 3981 831 4047 Christ.
857 3982 1035 4047 Browerus
1056 3989 1091 4046 et
1113 3982 1136 4048 J
1140 3985 1237 4047 acob.

135 4069 313 4146 Maesulus
340 4084 374 4146 in
404 4082 595 4147 Annalibus
622 4083 902 4159 Trarerensibus,
933 4091 969 4147 et
994 4080 1176 4149 Tristanus
1207 4086 1240 4148 in

135 4177 322 4251 Comment·
346 4186 556 4270 Historicis3
580 4205 624 4251 an
649 4185 782 4252 demum
802 4187 965 4253 Britanna
979 4187 1089 4268 tuerit,
1109 4194 1149 4253 nt
1166 4188 1239 4254 fuse
