2730 4726
144 329 231 398 lucc
414 340 581 394 nununrr
607 344 839 397 onnnrrnun
866 343 981 396 narro
1087 334 1092 343 '

142 490 221 555 disti
243 489 343 560 vires,
364 485 488 552 dedisti
508 508 620 572 opum,
642 489 767 554 dedisti
789 491 951 573 salutem
977 492 1127 576 plusque
1150 490 1250 562 ineo

141 600 342 658 consecutus
364 589 422 669 esd
446 594 537 676 qood
559 593 737 670 roborasti,
753 613 854 677 quam
877 594 1027 660 recidisti
1040 595 1075 659 in
1088 615 1144 674 oo,
1159 595 1250 678 quod

139 695 325 776 remisisti3
357 697 388 758 4.
418 703 583 778 quatenus
612 692 758 760 tantumJ'
790 697 850 761 tibi
879 696 1023 775 firmum,
1054 704 1250 781 certumque

139 798 306 863 redditum
328 804 382 862 est
402 797 449 874 id,
466 798 558 881 quod
578 797 671 863 irrito
693 800 883 881 petebatur.
929 798 1104 883 Siquidem
1129 800 1249 882 despe-

138 901 225 964 ratio
246 899 428 983 perserendi
451 899 557 965 debiti
577 900 743 976 etiamid,
760 901 851 983 quod
868 900 939 966 duri
955 907 1100 985 poterat,
1118 901 1248 966 inhibe·

139 1002 216 1080 bat3
240 1022 301 1066 noc
321 1009 391 1066 erat
413 1003 497 1065 ratio
514 1002 671 1080 conandi,
689 1022 764 1067 cum
780 1022 847 1067 non
863 1010 956 1068 esset
971 1023 1052 1087 spes
1067 1003 1140 1069 ulia
1155 1023 1247 1069 com-

25 1137 31 1147 ,
137 1104 264 1188 piendi.
308 1105 340 1168 5.
364 1103 395 1169 Ο
422 1103 579 1179 divinam,
598 1104 799 1188 Imperator,
816 1110 907 1168 tuam
928 1106 961 1168 iu
985 1105 1142 1170 sananda
1167 1105 1247 1169 civi·

137 1216 209 1275 tate
232 1207 448 1272 medicinam!
495 1207 592 1272 Sicut
612 1227 702 1290 aegra
724 1227 877 1290 corpora,
893 1216 927 1272 et
947 1214 1087 1273 onerata
1107 1214 1245 1291 stupen-

136 1312 221 1377 tium
246 1319 379 1394 torpore
406 1312 643 1385 membrorum,
670 1317 824 1375 resecata
847 1309 964 1393 aliqua
985 1311 1038 1374 sui
1061 1316 1173 1394 parte,
1192 1329 1246 1375 sa·

134 1416 265 1489 uantur,
281 1420 321 1475 ut
342 1412 514 1476 imminuta
537 1413 682 1493 vigeant,
702 1429 780 1495 quae
801 1409 1023 1494 exaggeratak
1045 1413 1244 1495 torpebant;

137 1514 187 1579 ita
202 1535 276 1591 nos,
291 1514 393 1578 nimia
405 1514 493 1578 mole
507 1513 671 1597 depressi,
686 1514 797 1579 levato
812 1534 924 1592 onere,
940 1515 1188 1596 consurgimus.
1235 1559 1238 1564 -

179 1614 267 1679 Cau.
292 1631 366 1679 xrt.
405 1616 436 1678 l.
460 1615 584 1680 Nescit
599 1617 742 1680 taxaret
762 1616 1003 1698 indulgentiam
1018 1621 1122 1693 tuam,
1139 1617 1198 1700 qui
1214 1621 1245 1682 te

134 1723 230 1801 putat
253 1723 378 1800 septem
402 1717 510 1782 millia
531 1718 679 1801 capitum
704 1719 779 1783 sola
803 1719 961 1784 donasses
1004 1719 1151 1782 Donasti
1175 1738 1242 1784 om·

133 1821 202 1896 nia,
231 1838 310 1905 qnae
341 1825 430 1883 stare
458 1819 592 1884 fecistis
640 1822 672 1884 2.
695 1819 898 1905 Quanquam
924 1822 1009 1885 enim
1039 1820 1152 1885 adhuc
1179 1821 1241 1885 sub

133 1923 275 2005 pristina
295 1922 427 1987 sarcina
451 1921 665 1998 vacillemus
681 1929 794 1986 tamen
810 1923 919 1987 levior
934 1922 1077 2001 videtur,
1094 1924 1180 2004 quia
1194 1925 1242 1988 vi·

134 2025 209 2089 cino
232 2019 429 2107 perfertur2¹
457 2021 690 2088 exoneranditn
714 2022 933 2107 praesumtio!
958 2023 1016 2087 dat
1041 2024 1239 2107 patientiam

165 2207 179 2305 ἶ
191 2211 418 2334 ἐξῖἕςηωὲῐῇἱηιιω
428 2271 504 2320 mittio
516 2271 628 2336 beneflcio
638 2274 785 2338 complexum
798 2286 856 2321 esse.
892 2273 1035 2336 Complexus
1047 2288 1073 2324 es
1092 2288 1240 2340 omnesquae

130 2338 253 2400 pendendo
265 2339 355 2385 tributo
363 2336 528 2399 paresfecirti.

161 2398 177 2444 f
192 2403 293 2451 Fiducia
306 2408 371 2451 certa
381 2401 507 2450 lavationis
518 2402 606 2450 oneris.

596 2512 623 2534 ΙΙ
626 2515 655 2535 u
658 2514 775 2537 neuen

131 2613 243 2662 deestis
258 2615 345 2664 Moeri.
372 2612 676 2676 vigintiqueGneipirerb.
703 2614 1046 2666 dedidistioiresed.Rivin.
1075 2617 1238 2668 dedistiVet.

129 2679 243 2728 Puteen.
255 2688 281 2728 et
294 2681 358 2729 Erre.
369 2680 514 2728 Sctronhov.
543 2694 612 2741 qnam
624 2679 743 2727 roborasti
755 2681 877 2729 Chnssen.
899 2697 969 2744 qaam
979 2681 1100 2730 rescidisti
1111 2685 1181 2746 conj.
1189 2683 1239 2732 Pu·

130 2753 201 2792 teau.
218 2753 246 2794 et
263 2745 300 2794 ita
312 2753 354 2794 est
366 2746 391 2793 iu
404 2744 527 2792 Chassen.
551 2744 628 2792 ‘Non
642 2758 715 2806 opus.
734 2743 776 2793 Cf.
787 2745 929 2808 Wopkens.
940 2745 1080 2795 Aninradr.
1096 2745 1130 2795 ad
1146 2749 1238 2797 Pacet-

68 2867 72 2873 .
129 2809 231 2872 Paneg.
243 2823 309 2859 xrsr.
320 2809 353 2860 23
369 2811 503 2859 Arata-d
521 2808 588 2856 Edd.
600 2816 661 2856 snts
673 2809 798 2858 Arntzen.
809 2816 892 2872 quater
903 2815 996 2859 tontum
1004 2827 1014 2868 ‚·
1026 2810 1098 2860 Grrd.
1110 2818 1140 2861 et
1152 2813 1236 2862 Mart.

129 2881 245 2937 quatenus
256 2881 357 2925 tantam.
375 2875 505 2933 ‘Vulgata
514 2873 602 2928 lectio,
612 2887 687 2936 quarn
699 2874 759 2922 edd.
770 2889 859 2923 omnes
872 2883 990 2936 tuentur,
1001 2888 1052 2924 non
1067 2876 1172 2926 videtur
1183 2877 1238 2926 scii·

129 2939 253 2987 citanda!
270 2942 364 3001 Jagsr.
390 2938 532 3002 terfirmam
544 2938 989 2998 Rhenansteph.LirinetRivin.
1017 2939 1243 3005 rittfirmrmves

128 3004 214 3052 Lirin.
234 3005 338 3052 Bestia.
357 3005 464 3067 Cuspin.
480 3004 544 3051 Exc.
556 3002 701 3052 Scironirov.
712 3003 781 3053 Gud.
793 3006 880 3054 Moeri.
893 3004 971 3054 Grut.
986 3012 1014 3054 et
1026 3012 1142 3057 receutt.
1171 3007 1237 3057 Vide

129 3068 206 3117 Nott.
222 3069 298 3116 Vsrr.
326 3068 411 3116 ‘Voc.
428 3068 455 3115 id
470 3068 544 3115 deest
560 3068 584 3114 in
598 3067 712 3130 Gueipir.
724 3067 809 3116 nmis?
824 3069 911 3119 Arata.
939 3069 1002 3118 ratio
1014 3068 1089 3118 deest
1102 3070 1128 3127 in
1147 3072 1235 3121 eodem

128 3132 279 3180 codice-5
297 3133 404 3194 cuspin.
416 3128 532 3180 Rhenan.
545 3128 637 3194 Steph.
654 3133 737 3181 Lisia.
751 3133 838 3182 Rivis.
866 3133 1007 3184 caccabata
1019 3134 1158 3197 tarpeiam
1178 3138 1237 3185 Vet.

128 3196 242 3246 Putesn.
254 3203 402 3257 exagerata,·
419 3197 480 3245 Vet.
499 3197 582 3245 Livio.
600 3196 703 3246 Bertin.
723 3197 810 3246 Moeri.
826 3204 854 3248 et
873 3197 987 3262 Gusiplr.
999 3205 1169 3261 exaggerata:
1180 3201 1236 3250 Aci·

129 3261 180 3309 dei.
193 3263 262 3324 conj.
274 3266 424 3311 sxassrsata.

163 3327 231 3377 Cas.
243 3340 296 3376 xrr.
329 3331 345 3375 2
363 3328 478 3377 Rhenau.
491 3325 583 3389 Steph.
598 3324 682 3374 Lirin.
701 3325 758 3389 qaia
771 3341 838 3376 nemo
853 3327 1001 3391 praesertum
1019 3326 1130 3393 cuspin.
1147 3327 1235 3393 perfer·

626 3439 734 3490 NOTAE

127 3542 179 3593 set,
190 3535 262 3585 dedit
274 3535 341 3585 vires
354 3535 447 3600 viginti
460 3537 574 3601 quinque
586 3535 660 3586 mitti·
701 3535 749 3586 dat
765 3551 918 3597 nnmerum
941 3552 1001 3587 narn
1022 3544 1115 3602 qnater
1134 3545 1233 3603 septem

128 3613 187 3674 bns,
198 3610 340 3676 effecitque
353 3618 383 3660 ut
395 3611 494 3660 minore
506 3625 552 3660 sno
563 3611 661 3660 iucom·
701 3614 793 3678 viginti
805 3621 865 3665 octo
876 3614 1033 3676 coniiciunt3
1051 3615 1234 3678 Angustodnni

126 3689 343 3751 mododeinceps
355 3688 481 3738 tributum
494 3689 634 3737 solverent.
702 3691 764 3740 vero
786 3706 865 3741 censa
885 3692 1015 3741 duntaxat
1040 3698 1117 3741 erant
1142 3693 1232 3756 viginti

161 3767 355 3830 ¹Ptasqaeinso
372 3771 508 3815 consecutas
525 3764 561 3828 es]
586 3765 659 3814 Plus·
701 3767 914 3832 quinquemillia
935 3770 1060 3830 capitum.
1095 3769 1176 3820 Hunc
1193 3784 1233 3818 su·

128 3858 179 3908 que
203 3843 251 3894 tibi
274 3851 431 3894 consecutus
448 3857 476 3891 es
499 3841 659 3890 sublevando
701 3850 754 3892 tem
770 3845 854 3892 iocum
867 3844 911 3892 aiii
923 3844 974 3891 atio
987 3844 1062 3893 modo
1075 3845 1178 3908 tegant,
1190 3843 1232 3894 sed

128 3921 201 3981 aiios,
215 3928 293 3984 atque
307 3925 336 3970 ut
354 3918 455 3968 facilius
473 3931 578 3966 censum
597 3932 659 3980 pen·
699 3921 766 3968 mate
779 3918 949 3981 meconidem
959 3918 1070 3981 judicio.

127 3998 190 4045 dere
214 4004 320 4059 possent
342 3995 487 4048 efficiendo,
513 4009 588 4056 qrrarn
612 3993 659 4042 tibi
732 3993 932 4056 *Exaggerato
956 3995 1008 4043 Atti
1027 3995 1119 4058 legunt
1137 4009 1233 4046 essen·

127 4072 247 4123 ademisti
257 4088 330 4123 suum
343 4079 442 4135 septem
456 4071 567 4119 millibus
577 4069 657 4120 tribu·
698 4076 774 4130 ratu,·
791 4072 833 4120 stit
846 4069 993 4120 exacerbata.
1097 4086 1099 4091 ’

129 4155 182 4196 trun
196 4148 364 4197 remittendo.
732 4148 739 4177 ¹
760 4147 824 4203 Quia
839 4147 916 4195 cicino
932 4145 990 4208 [nors
1005 4145 1093 4211 ostris]
1101 4149 1232 4212 perfertur]

160 4222 302 4280 thateaas
314 4223 422 4289 [quater]
434 4223 540 4288 tantum]
558 4223 655 4274 Rotun·
698 4222 730 4272 In
738 4222 853 4275 editione
867 4223 985 4273 Potesne
997 4229 1047 4280 est,
1057 4224 1243 4285 anianenses·
