2730 4726
377 322 658 373 senseramus.
696 323 769 371 xrr.
789 261 844 372 n.
1035 353 1037 380 2
1071 308 1158 376 1613

48 473 228 555 ¹quatenus
243 470 386 535 autista
400 469 511 554 optari
526 476 650 553 potest,
662 475 721 533 aut
735 469 793 533 ille
806 469 904 533 vitari
916 490 932 529 ε.
947 473 982 535 at
999 471 1029 535 si
1043 471 1157 536 ultima

57 595 162 658 supra
178 581 281 658 caput
295 574 423 638 steterit
443 573 535 652 hora,
557 582 593 636 et
614 574 739 637 venerit
760 572 833 635 dies
848 592 1028 656 nunqnam
1049 594 1158 639 rever-

57 697 168 751 surus,
185 695 279 744 aose
300 676 454 741 confessa
476 696 566 739 mors
589 675 714 753 fuerit:
734 693 802 738 non
824 675 980 739 timentur
1001 682 1158 754 extrema,

56 799 137 844 cnm
152 786 241 843 certa
257 785 347 843 sunt.
391 777 540 842 4..Hino
564 797 694 841 reorum
715 797 820 860 usque
848 778 889 841 ad
915 778 1158 843 damnationem

55 887 177 958 metus,
193 888 314 964 postea
328 884 490 946 attonitus
505 889 623 964 stupor
633 888 666 947 et
678 901 724 944 ex
738 881 967 964 desperatione
983 883 1157 960 securitas

55 993 92 1047 et
118 983 162 1048 ad
187 985 300 1048 locum
325 985 485 1068 supplicii
507 984 708 1060 voluntaria,
732 983 887 1046 oamifice
908 1003 972 1046 non
999 985 1158 1060 trahente,

56 1087 268 1169 properatio:
291 1092 326 1150 nt
342 1087 384 1150 de
399 1087 453 1150 his
470 1095 612 1167 taceam,
628 1087 699 1170 qui,
715 1106 790 1150 crrm
806 1085 885 1149 fatis
905 1086 1026 1150 fortius
1050 1088 1158 1169 pacis-

56 1195 198 1267 centes,a
212 1191 377 1254 incertum
393 1190 522 1254 exitum
540 1196 629 1253 certo
645 1195 889 1269 occupaverunt
900 1189 932 1250 :d
954 1193 990 1251 ut
1012 1189 1092 1252 nihil
1115 1189 1157 1253 de

39 1292 168 1354 <servis
196 1293 326 1376 loquar,
352 1293 411 1374 qui
437 1292 573 1357 verbera
597 1291 745 1354 vitavere
773 1290 965 1371 suspendio,
988 1297 1021 1354 et
1043 1299 1156 1355 motus

56 1393 180 1458 heriles
196 1397 359 1480 usquead
376 1395 566 1479 praecipitia
587 1393 740 1476 fugerunt
753 1406 783 1474 ς’
806 1395 881 1476 quis
904 1413 1048 1478 unquam
1072 1396 1158 1458 ultra

58 1496 182 1578 spemf
198 1498 354 1563 timuitlb
397 1502 428 1562 5.
453 1497 538 1576 Quis
555 1498 681 1562 idcirco
697 1505 802 1561 semet
816 1490 973 1561 'occidere
989 1498 1104 1575 noluit,
1119 1508 1158 1562 ut

58 1603 293 1667 occidereturi
324 1603 389 1665 nisi
403 1621 482 1664 vero
501 1601 552 1664 vel
567 1602 689 1665 leviore
712 1619 831 1665 manns
846 1602 953 1691 aliena
968 1623 1067 1684 quam
1084 1622 1157 1685 pro·

57 1706 145 1788 pria,
168 1706 219 1769 vel
244 1704 368 1768 foedior
392 1725 480 1768 mors
508 1705 639 1786 privata
661 1725 761 1786 quam
784 1705 932 1786 publica,
957 1706 1008 1794 vel
1029 1705 1159 1788 longior

57 1827 162 1889 poena
183 1809 268 1872 ferro
292 1809 493 1886 incumbere,
516 1814 550 1872 et
571 1826 711 1891 corpore
735 1808 856 1870 vulnus
880 1826 1026 1883 onerare,
1050 1815 1085 1870 et
1106 1829 1156 1870 re-

43 1955 45 1958 ψ
58 1911 170 1992 cipere
178 1910 359 1983 „interitum
381 1911 492 1973 statim
509 1915 628 1986 toturn,
645 1929 747 1993 quam
762 1910 968 1993 supplicium
983 1909 1158 1983 divideret

20 2077 22 2081 ,
57 2010 224 2094 poplitem
248 2011 396 2089 flectere,
410 2014 573 2077 cervicem
595 2012 772 2076 extendere
796 2012 839 2077 ad
861 2012 995 2096 plagam
1017 2012 1157 2077 sortasse

59 2134 127 2178 non
143 2133 256 2177 unam.

92 2308 102 2333 ⁶
117 2302 154 2351 Ac
163 2302 245 2350 mortis
257 2301 633 2366 mouissetumsueritpericulum.
808 2303 821 2337 ἃ
837 2304 1018 2354 Proeoenerunt.

92 2374 102 2398 ⁰
120 2368 153 2414 Et
164 2373 191 2414 ut
202 2367 310 2415 derorum
321 2383 403 2417 manns
408 2368 534 2430 fugerent,
545 2376 645 2418 ruerunt
655 2370 680 2418 in
690 2369 835 2434 praesr'pe'te‘u·
930 2369 932 2375 '

88 2428 104 2473 f
118 2433 213 2481 Amissa
226 2447 275 2495 spe.
466 2442 481 2476 8
498 2436 583 2484 Minus
594 2437 706 2485 timenda.

92 2494 105 2528 ¹¹
125 2498 202 2554 Quum
215 2501 313 2546 mortem
323 2511 366 2561 per
376 2503 455 2559 partes
462 2499 539 2558 serre.

57 2737 174 2792 extremo,
185 2731 303 2779 Balduin.
316 2732 379 2793 legit
396 2737 502 2783 externa·
518 2734 622 2783 Acidal.
635 2740 698 2784 certo
708 2735 815 2784 sinn-4
826 2734 891 2784 Cod.
902 2734 1073 2793 Schwarzien.
1083 2741 1158 2783 metus

55 2813 129 2861 poenu
140 2797 275 2854 attonitum
292 2797 360 2847 unde
372 2798 532 2847 Schwarzius
553 2801 625 2862 legit,
636 2816 705 2863 poena
719 2802 829 2849 attonitis
844 2806 935 2863 stupor.
970 2802 1031 2849 Vet.
1044 2799 1157 2848 Putean.

55 2867 142 2925 posteo
152 2863 261 2910 attonitis
271 2867 361 2925 stupor.
394 2864 467 2922 Mox,
480 2865 543 2912 Ere.
553 2865 697 2914 Schonlrov.
708 2881 759 2914 cnm
770 2866 834 2924 sutis
843 2865 938 2924 fortius
944 2880 969 2928 p.
983 2866 1094 2914 interitus
1104 2882 1158 2915 nom

58 2928 108 2983 cui,
124 2929 165 2986 isc.
190 2927 334 2976 Eddvett.
350 2929 505 2991 profertius,
520 2930 751 2987 hebentsortunis5
781 2931 848 2978 unde
864 2930 964 2979 Aeidnl.
974 2929 1087 2989 fortuitis
1095 2947 1106 2988 ;
1130 2941 1158 2980 et

59 2993 97 3040 sie
116 2992 178 3040 Vet.
197 2992 308 3042 Putesn.
343 2993 396 3041 Pro
413 2995 565 3056 paciscentes,
579 2996 692 3056 Guelplr.
711 2995 815 3044 exhibet
826 3000 956 3057 parcentes.
989 2996 1072 3044 Paulo
1088 3006 1159 3058 post,

58 3056 164 3106 Acidal.
174 3057 241 3119 conj.
253 3062 276 3105 et
288 3064 363 3106 metus
374 3059 474 3108 heriles.
488 3093 494 3106 .
507 3091 514 3106 .
526 3096 531 3107 .
543 3061 596 3121 quis
607 3075 706 3123 unquam
717 3062 779 3108 ultro
789 3065 860 3109 semet
871 3061 953 3108 timuit
960 3065 1017 3108 ?-5
1037 3061 1097 3115 Quis
1109 3062 1125 3107 i.
1136 3077 1157 3111 s.

56 3122 160 3170 emoluit
169 3123 406 3172 codsmwarzian.
428 3124 622 3186 qaumputticota
631 3127 689 3174 edd.
702 3133 764 3173 vett.
779 3131 802 3174 et
812 3125 1158 3188 commonuisscodsmeff.

43 3215 45 3219 ·
58 3188 114 3236 Pro
125 3202 222 3235 onerare
231 3185 324 3236 seireff.
335 3191 400 3251 conj.
409 3203 502 3249 urgere.
527 3190 591 3239 Cod.
603 3192 780 3240 Schwarzian:
788 3193 921 3250 extendere,
936 3193 1028 3254 plagam
1045 3191 1158 3252 accipere,

50 3252 168 3310 fortunae,
178 3256 218 3315 te.
236 3254 298 3301 Vet.
310 3255 421 3302 Putean.
438 3256 571 3318 extendere,
580 3258 654 3318 plaga
671 3257 785 3320 occipere,
796 3257 913 3316 fortusse,
923 3258 963 3318 tyr.
990 3255 1048 3306 cod.
1061 3255 1157 3306 Scireti.

54 3317 153 3382 plagam
164 3323 296 3381 expectare,
306 3319 430 3382 fortassis,
440 3322 480 3382 ξε.

555 3434 664 3485 NOTAE

90 3540 103 3565 ⁸
120 3531 220 3580 Fortius
230 3532 384 3596 paciscentes]
401 3534 518 3584 Fortiore
536 3535 588 3583 ani·
630 3535 693 3584 nilril
710 3549 814 3599 prorsas
831 3533 956 3597 reliquum
973 3533 1016 3590 sit,
1028 3534 1105 3596 plane
1117 3533 1159 3594 ja-

17 3663 19 3666 ,
57 3623 100 3656 mo
113 3608 260 3670 pactionem
278 3622 335 3657 eum
353 3619 436 3657 morte
453 3608 589 3676 facientes,
630 3620 682 3662 cet.
717 3612 804 3675 Atque
816 3613 864 3665 hoc
876 3612 1008 3672 eleganter
1019 3609 1157 3658 admodum

57 3686 108 3734 hoc
120 3693 160 3734 est
172 3700 230 3733 eam
242 3685 323 3734 minus
336 3685 503 3749 refugientes.
630 3689 789 3751 expressisse
812 3688 914 3735 videtur
937 3686 1088 3733 adolescens
1110 3686 1157 3732 're-

60 3803 65 3812 .
91 3762 191 3810 ¹²Ultro
207 3777 271 3825 spem
288 3761 379 3823 timuit]
397 3763 461 3811 Cum
478 3763 533 3826 spei
551 3763 588 3812 ni·
630 3765 768 3817 rentianns,
787 3763 869 3819 Andr.
889 3777 919 3811 rr.
935 3767 959 3811 l.
979 3762 1044 3808 ‘Vae
1063 3762 1158 3810 misero

57 3840 179 3903 hil-aque
196 3839 349 3888 adversetur
364 3853 393 3887 se
407 3838 498 3887 timor:
517 3846 587 3888 nors·
630 3841 707 3890 milri!
727 3840 763 3888 Ut
774 3841 872 3888 animos
886 3841 915 3888 ,in
933 3851 979 3900 spe
997 3846 1072 3900 arque
1087 3839 1111 3885 in
1125 3839 1156 3885 ti·

58 3924 113 3966 tum
125 3924 211 3965 tamen
224 3922 263 3964 est
279 3929 295 3964 a
310 3916 506 3979 sapientissimis
518 3917 589 3979 viris,
629 3931 701 3966 more
723 3930 804 3981 usqne
827 3915 936 3964 antehac
958 3922 1075 3962 attentus
1098 3914 1156 3975 t'nit,
1204 3952 1207 3956 .

59 3993 105 4043 nbi
123 3993 203 4049 omnis
221 3993 322 4042 omnino
340 3993 440 4042 sublata
462 4009 521 4057 spes
541 4001 589 4055 est,
630 3995 671 4043 lta
692 4002 826 4058 postquam
845 3993 947 4041 ademta
965 4006 1023 4055 spes
1041 4001 1090 4048 est,
1108 3994 1158 4039 las-

59 4087 91 4119 ne
105 4071 221 4120 timorem
234 4071 336 4134 quidem
352 4084 428 4132 posse
440 4071 589 4120 subsistere.
629 4088 681 4127 sus,
690 4088 752 4122 curn
763 4070 895 4122 confectus
906 4069 1014 4133 stupet'
1037 4070 1156 4119 Muretus

61 4147 181 4198 Pendeat
191 4148 258 4196 enim
272 4154 375 4211 oportet
387 4148 524 4197 metuentis
535 4149 587 4196 ani·
628 4150 690 4198 Ver.
703 4150 775 4200 Lect.
788 4161 840 4196 xrr.
850 4150 874 4196 8.

60 4239 134 4286 mus,
156 4227 200 4289 qni
220 4226 242 4274 si
260 4226 326 4290 spei,
344 4239 403 4291 quo¹
416 4231 588 4288 sustentetur,
