2730 4726
137 290 224 361 1248
523 308 686 358 nunnurr
712 309 855 359 uusrro
887 309 893 347 τ
982 310 988 353 z

138 452 334 536 Principum
349 453 554 519 constituta?
576 455 648 538 qni,
661 474 738 519 eum
754 475 791 519 se
815 471 958 521 occursu
972 453 1063 521 lustra
1080 452 1242 539 juventu:

138 555 184 621 tis
208 553 310 633 affici,
334 575 403 621 non
425 557 536 621 sulum
558 555 773 635 liberalitate,
795 577 896 642 quem
918 557 987 642 ipsi
1002 558 1168 635 tribuunt,
1183 559 1242 624 scd

137 659 240 722 etiam
255 658 373 736 literis,
388 660 513 744 quibus
530 677 581 724 me
596 659 639 724 ad
655 659 899 725 institutionem
923 659 999 744 ejus
1014 660 1242 740 cohortantur,

138 761 321 838 ostendant,
337 769 461 846 quanto
477 762 554 846 plus
579 761 718 843 capient
743 762 941 844 voluptatis,
956 780 1031 825 oum
1049 769 1241 845 reparatum

137 861 301 926 videant·
324 865 437 947 ipsum
453 863 714 929 conciliabulum
730 861 943 946 juventutis?
986 863 1020 927 3.
1045 861 1179 941 Adhuc,
1196 863 1241 930 V.

136 963 192 1042 P.,
207 983 295 1047 opus
310 965 402 1030 istud
417 965 525 1030 reddit
537 966 711 1040 illustrius,
727 971 764 1029 et
785 985 860 1029 oum
884 965 1032 1049 ipsorum
1048 965 1238 1045 Causarum,

137 1069 328 1132 tumetium
356 1069 503 1132 omnium
524 1067 696 1132 homiuum
728 1066 905 1150 adspectui
935 1068 1113 1150 promtius,
1145 1070 1239 1153 quud

136 1169 307 1255 praecipuo
347 1175 401 1235 est
432 1172 511 1236 loco
541 1171 703 1255 positum,
732 1168 833 1254 quasi
868 1168 953 1234 iuter
987 1169 1084 1252 ipsus
1117 1171 1240 1236 oculos

135 1272 296 1351 civitatis,
332 1273 419 1338 inter
448 1273 619 1356 Apollinis
660 1268 844 1354 templumb
883 1279 987 1355 atque
1015 1270 1235 1355 Capitulium.

134 1375 168 1439 d.
206 1375 287 1455 Quo
317 1377 426 1457 magis
456 1384 512 1439 cst
540 1377 642 1440 etiarn
672 1380 893 1440 sacrosancta
920 1372 1030 1451 sedes,
1059 1377 1239 1462 utriusque

29 1564 30 1571 ἵ
134 1477 251 1544 lateris
274 1479 463 1543 veneranda
487 1477 643 1555 confinio,
662 1476 833 1560 utriusque
854 1477 920 1542 late
940 1478 1088 1542 numinis
1108 1477 1239 1545 instau·

133 1579 430 1664 randarespectn,
454 1599 495 1644 ne
518 1580 609 1658 sana,
631 1580 728 1662 lunge
743 1579 890 1643 omnium
910 1580 943 1643 in
962 1578 1028 1644 hac
1053 1581 1136 1645 urhe
1164 1583 1240 1666 pul·

134 1679 311 1760 cherrima,
336 1682 433 1746 labes
459 1681 591 1746 media⁰
613 1681 802 1762 deformet3
836 1681 1025 1763 praesertim
1051 1702 1128 1747 cunr
1155 1684 1238 1750 mihi

134 1783 288 1849 uideatur
307 1784 383 1867 ipse
398 1784 469 1860 ille,
485 1786 542 1867 qui
557 1783 731 1848 Maeniana
745 1782 820 1846 haec
836 1782 967 1865 primus
982 1785 1168 1863 exstruxit,
1185 1787 1238 1851 id·

134 1886 228 1951 oiruu
243 1906 284 1951 ea
298 1886 369 1951 illic
384 1887 597 1970 potissimum
620 1885 821 1961 collocasse,
843 1893 882 1949 ut
903 1885 1008 1950 veluti
1029 1895 1174 1970 cognato
1189 1889 1238 1954 ui·

134 1989 283 2055 uiuorum
298 1988 365 2052 sihi
380 1989 552 2053 numinum
568 1993 751 2053 tenerentur
766 1986 935 2071 amplexu,
951 2007 1026 2052 cum
1043 1989 1239 2069 angustissi-

34 2095 37 2100 '
133 2109 189 2155 ma
210 2097 313 2169 tecta,
338 2090 456 2156 literis·
474 2090 643 2168 dedicata,
665 2090 743 2155 iude
759 2089 970 2155 Athenarum
987 2091 1154 2156 conditrix
1171 2090 1239 2162 Mi,-

133 2189 260 2258 nervad
275 2194 499 2277 conspiceret,
510 2192 587 2258 hinc
602 2192 741 2277 Apollo,
756 2192 887 2257 medius
903 2192 1150 2259 camoenarum.

594 2342 712 2365 nunu
715 2341 775 2362 0000

132 2438 249 2504 triumphi
258 2445 378 2490 uramur
388 2441 475 2491 Moerl.
488 2448 515 2491 et
527 2442 646 2492 (iude-2
664 2441 716 2490 Pro
734 2442 859 2491 adsudant
876 2440 996 2491 Baidnin.
1012 2441 1095 2491 edidit
1109 2449 1239 2495 eueniant.

132 2504 208 2564 Mox,
223 2509 360 2568 reparatum
375 2507 480 2556 uiderint
499 2509 569 2572 conj.
589 2508 740 2555 scidit-a
757 2507 842 2568 Adhuc
843 2537 915 2565 .....
924 2507 1028 2556 reddidit
1047 2509 1106 2557 eod.
1123 2507 1238 2574 Guelplr.

132 2568 268 2620 Acidaliae
280 2571 330 2633 legi
341 2570 430 2633 jubet,
439 2588 495 2636 opus
506 2573 571 2622 istud
579 2587 632 2620 cum
643 2574 747 2634 ipsorum
760 2573 891 2629 Casurum,
909 2575 960 2620 tum
976 2571 1048 2621 etiarn
1064 2573 1168 2622 omnium
1181 2576 1205 2624 h.
1215 2590 1239 2625 u.

128 2626 259 2698 prndium,
275 2635 365 2695 reddit,
383 2638 424 2685 vel
439 2638 556 2692 redditur,
565 2638 692 2698 illustrius,
703 2638 764 2699 prod
779 2637 898 2699 mecipuu
911 2643 947 2685 ert
958 2637 1007 2685 loro
1023 2639 1136 2699 positum.
1170 2637 1237 2688 Edd.

133 2707 199 2749 vett.
216 2699 334 2750 illustrius
350 2715 411 2758 cum,
427 2704 468 2763 ξι.
501 2701 787 2764 Vet·Livln.Guelph.
804 2710 832 2749 et
851 2708 962 2750 receuti.
981 2703 1098 2752 inserunt
1117 2709 1151 2752 et·
1186 2704 1237 2752 Pru
1283 2734 1285 2744 ι

130 2765 244 2829 aporici,
255 2766 324 2828 quod
336 2776 442 2815 serrant
454 2769 515 2816 vet.
536 2767 620 2817 Lirin.
638 2767 740 2815 Bertin.
753 2765 867 2830 Guclph.
885 2765 964 2815 Grut.
974 2776 1000 2814 et
1014 2775 1125 2815 recentt.
1141 2775 1237 2832 ospeets

130 2830 250 2890 prebent
263 2830 372 2895 Cuspio.
388 2831 471 2883 Lirin.
487 2833 579 2896 steph.
593 2831 822 2881 sternerentur.
837 2832 953 2892 respectui
964 2832 1101 2882 Murri-d
1119 2833 1236 2882 Rhenus.

130 2894 269 2958 legendum
291 2902 377 2960 putat,
395 2898 520 2961 utriusque
536 2898 620 2947 luteris
637 2897 809 2954 instauraretur
827 2895 887 2943 edd.
908 2901 973 2945 vett.
990 2897 1096 2953 habent,
1114 2900 1237 2962 erasme

115 2959 178 3008 late
195 2961 313 3019 sumerhr
338 2962 453 3024 Guelplr.
480 2965 543 3010 Eae.
568 2962 714 3011 Schunlrov.
734 2962 796 3008 Vet.
817 2961 928 3008 Pnteen.
946 2961 1009 3008 Vct.
1032 2962 1114 3011 Livio.
1135 2961 1238 3012 Bertiu.

130 3024 238 3140 ι(ξιιἭίη.
248 3032 275 3072 et
288 3025 386 3090 aliquot
401 3027 477 3076 codd.
495 3042 538 3092 ap.
549 3027 629 3078 Grnt.
645 3026 768 3089 utriusque
782 3025 887 3074 numinis
901 3025 1072 3084 innascendo,-
1088 3035 1116 3075 et
1132 3028 1172 3077 sic
1183 3029 1235 3078 edi·

150 3090 170 3137 tt
204 3103 282 3152 regor.

632 3170 740 3222 NO'l'AE

163 3266 175 3294 ⁸
190 3259 338 3323 Reporutunr
352 3260 461 3325 rideant]
478 3262 531 3311 Pru
542 3261 663 3311 uiderint:
734 3268 746 3295 θ
761 3259 837 3309 luber
847 3259 937 3323 medio]
950 3253 1095 3310 AEdiiicinrn
1108 3258 1235 3325 defurme.

128 3335 376 3400 sicPsueg.rr.18.
394 3339 444 3388 ‘Hi
456 3337 661 3404 (Imperrtores)
734 3335 745 3371 θ
763 3335 889 3400 Minerua]
907 3336 1048 3401 Sapientia.
1065 3344 1092 3384 et
1110 3339 1234 3388 honarum
1262 3374 1265 3382 .

130 3425 188 3462 utrm
201 3414 309 3476 primurn
323 3415 431 3465 redeant
446 3414 478 3463 ad
496 3421 521 3464 te
539 3413 661 3480 (Romam
702 3412 795 3462 artium
808 3413 877 3474 Dea,
888 3427 920 3461 ex
932 3413 1016 3474 Juris,
1033 3420 1062 3462 ut
1076 3411 1236 3480 fabulentur,

129 3489 661 3554 compellet)triumphantes,unocupiunt
703 3488 823 3548 cerebro,
846 3488 914 3536 unde
929 3493 1027 3546 armeta
1048 3489 1161 3552 prosiliit
1181 3490 1234 3540 siue

128 3566 214 3616 invehi
225 3567 322 3628 cnrru,'
339 3567 365 3617 id
376 3575 426 3626 est,
436 3582 493 3618 cnm
506 3569 616 3632 primum
627 3566 660 3617 ad
700 3572 950 3630 matre,procreata.
984 3565 1062 3615 Hanc
1081 3567 1235 3631 interNep·
1260 3601 1265 3605 -

130 3651 157 3695 to
169 3644 304 3694 redierint.
560 3657 565 3666 ¹
701 3641 1234 3710 tnnnrnqne,dedanduAtheuirnurniue,
1264 3689 1266 3695 .

160 3720 172 3756 ὓ
186 3721 257 3771 luter
269 3720 389 3784 Apollinis
406 3721 530 3786 ternplum]
547 3721 661 3772 AEdneu·
700 3722 747 3771 lite
764 3730 833 3786 orte,
844 3722 925 3770 risum
937 3727 978 3770 est
995 3721 1060 3782 Diis,
1073 3727 1102 3770 nt
1114 3722 1148 3772 ah
1160 3722 1234 3786 hujus

127 3799 332 3862 ser·plnrinrum
360 3800 482 3851 colebant
503 3800 660 3863 Apollinem,
700 3799 803 3848 nomine
814 3797 1020 3861 appellarentur,
1031 3797 1076 3862 qui
1088 3798 1177 3850 utilius
1190 3800 1233 3850 liu·

128 3875 174 3923 sed
186 3882 214 3923 et
227 3874 426 3936 Augustudunu,
440 3874 530 3925 itidem
548 3882 578 3925 nt
595 3877 659 3924 mul·
700 3873 810 3923 minibus
821 3873 916 3922 dunum
935 3873 1107 3935 procudisset.
1140 3876 1234 3940 Itaque

127 3949 161 3999 tis
174 3950 231 4000 aliis
242 3950 348 4000 urbibus
360 3950 566 4014 municipelibns,
578 3951 660 4000 instar
701 3964 823 4013 percussu
850 3949 940 3998 littore
966 3949 1107 4012 Neptunus
1139 3954 1233 4016 'equum

128 4025 219 4075 Rumor
236 4039 309 4074 suom
329 4025 490 4090 capitolium,
512 4027 551 4075 sni
573 4041 659 4092 aquae·
699 4027 768 4076 bello
779 4032 879 4090 aptum,
891 4026 975 4076 oleam
988 4040 1049 4075 veru
1065 4026 1140 4089 pacis
1157 4028 1234 4093 iuuit·

127 4096 231 4162 durrus,
241 4115 303 4150 suns
314 4101 400 4152 circus
411 4103 556 4166 e'rut,enjus
568 4107 659 4152 extent
701 4116 732 4150 ne
752 4103 825 4151 hasta
841 4102 955 4166 impacta
975 4102 1084 4164 protulit
1102 4103 1238 4165 Minerua,

127 4174 257 4256 hudiepue
269 4179 386 4244 vestigia.
415 4222 418 4229 ,
702 4181 743 4230 cui
756 4181 845 4231 statim
859 4179 1118 4246 adjudicationem,
1133 4183 1233 4250 etquis
