<?xml version="1.0" encoding="UTF-8"?>
<!DOCTYPE html PUBLIC "-//W3C//DTD XHTML 1.0 Transitional//EN"
    "http://www.w3.org/TR/xhtml1/DTD/xhtml1-transitional.dtd">
<html xmlns="http://www.w3.org/1999/xhtml" xml:lang="en" lang="en">
 <head>
  <title>
</title>
<meta http-equiv="Content-Type" content="text/html;charset=utf-8" />
  <meta name='ocr-system' content='tesseract 3.04.00' />
  <meta name='ocr-capabilities' content='ocr_page ocr_carea ocr_par ocr_line ocrx_word'/>
</head>
<body>
  <div class='ocr_page' id='page_1' title='image "./panegyriciveter01baungoog_0066.png"; bbox 0 0 2730 4726; ppageno 0'>
   <div class='ocr_carea' id='block_1_1' title="bbox 347 293 1240 362">
    <p class='ocr_par' dir='ltr' id='par_1_1' title="bbox 347 293 1240 362">
     <span class='ocr_line' id='line_1_1' title="bbox 347 293 1240 362; baseline 0.007 -6"><span class='ocrx_word' id='word_1_1' title='bbox 347 308 570 357; x_wconf 75' lang='lat' dir='ltr'><strong>minuamur</strong></span> <span class='ocrx_word' id='word_1_2' title='bbox 596 307 880 359; x_wconf 70' lang='lat' dir='ltr'><strong>renuntiemus.</strong></span> <span class='ocrx_word' id='word_1_3' title='bbox 921 310 960 358; x_wconf 92' lang='grc' dir='ltr'><strong>ιι.</strong></span> <span class='ocrx_word' id='word_1_4' title='bbox 982 293 1017 357; x_wconf 92' lang='lat' dir='ltr'><strong>l.</strong></span> <span class='ocrx_word' id='word_1_5' title='bbox 1147 295 1240 362; x_wconf 67' lang='lat'><strong>1153</strong></span> 
     </span>
    </p>
   </div>
   <div class='ocr_carea' id='block_1_2' title="bbox 127 439 1242 922">
    <p class='ocr_par' dir='ltr' id='par_1_2' title="bbox 127 439 1242 922">
     <span class='ocr_line' id='line_1_2' title="bbox 127 439 1242 516; baseline 0.004 -15"><span class='ocrx_word' id='word_1_6' title='bbox 127 452 159 501; x_wconf 84' lang='lat' dir='ltr'><strong>Iu</strong></span> <span class='ocrx_word' id='word_1_7' title='bbox 187 450 240 501; x_wconf 83' lang='lat' dir='ltr'>tine</span> <span class='ocrx_word' id='word_1_8' title='bbox 260 449 371 500; x_wconf 82' lang='lat' dir='ltr'><strong>Roaiam</strong></span> <span class='ocrx_word' id='word_1_9' title='bbox 387 452 536 515; x_wconf 89' lang='lat' dir='ltr'>compellat,</span> <span class='ocrx_word' id='word_1_10' title='bbox 554 465 629 516; x_wconf 77' lang='grc' dir='ltr'><strong>Ι(μιιιιι</strong></span> <span class='ocrx_word' id='word_1_11' title='bbox 648 449 791 502; x_wconf 79' lang='lat' dir='ltr'>feliciorem</span> <span class='ocrx_word' id='word_1_12' title='bbox 809 466 867 502; x_wconf 84' lang='lat' dir='ltr'><strong>esso</strong></span> <span class='ocrx_word' id='word_1_13' title='bbox 884 451 947 503; x_wconf 85' lang='lat' dir='ltr'><strong>dicit</strong></span> <span class='ocrx_word' id='word_1_14' title='bbox 964 445 1012 504; x_wconf 82' lang='lat' dir='ltr'><strong>snb</strong></span> <span class='ocrx_word' id='word_1_15' title='bbox 1031 439 1194 504; x_wconf 85' lang='lat' dir='ltr'><strong>Diocletiano</strong></span> <span class='ocrx_word' id='word_1_16' title='bbox 1207 460 1242 505; x_wconf 84' lang='lat' dir='ltr'><strong>et-</strong></span> 
     </span>
     <span class='ocr_line' id='line_1_3' title="bbox 161 532 1237 603; baseline 0.005 -22"><span class='ocrx_word' id='word_1_17' title='bbox 161 532 336 603; x_wconf 82' lang='lat' dir='ltr'><strong>Masimiano,</strong></span> <span class='ocrx_word' id='word_1_18' title='bbox 349 546 425 596; x_wconf 89' lang='lat' dir='ltr'><strong>quam</strong></span> <span class='ocrx_word' id='word_1_19' title='bbox 437 534 485 580; x_wconf 83' lang='lat' dir='ltr'><strong>snb</strong></span> <span class='ocrx_word' id='word_1_20' title='bbox 502 533 583 582; x_wconf 82' lang='lat' dir='ltr'>Remo</span> <span class='ocrx_word' id='word_1_21' title='bbox 598 541 625 583; x_wconf 89' lang='lat' dir='ltr'><strong>et</strong></span> <span class='ocrx_word' id='word_1_22' title='bbox 641 533 762 584; x_wconf 88' lang='lat' dir='ltr'><strong>Romulo.</strong></span> <span class='ocrx_word' id='word_1_23' title='bbox 797 534 913 583; x_wconf 81' lang='lat' dir='ltr'><strong>Eandem</strong></span> <span class='ocrx_word' id='word_1_24' title='bbox 926 534 1000 585; x_wconf 81' lang='lat' dir='ltr'>addit</span> <span class='ocrx_word' id='word_1_25' title='bbox 1011 535 1185 600; x_wconf 80' lang='lat' dir='ltr'>arrgrrstiorem</span> <span class='ocrx_word' id='word_1_26' title='bbox 1197 534 1237 587; x_wconf 81' lang='lat' dir='ltr'><strong>su·</strong></span> 
     </span>
     <span class='ocr_line' id='line_1_4' title="bbox 160 612 1237 680; baseline 0.002 -17"><span class='ocrx_word' id='word_1_27' title='bbox 160 622 247 663; x_wconf 82' lang='lat' dir='ltr'>tirram</span> <span class='ocrx_word' id='word_1_28' title='bbox 259 619 287 663; x_wconf 88' lang='lat' dir='ltr'><strong>et</strong></span> <span class='ocrx_word' id='word_1_29' title='bbox 299 612 398 662; x_wconf 77' lang='lat' dir='ltr'><strong>natales</strong></span> <span class='ocrx_word' id='word_1_30' title='bbox 416 627 475 663; x_wconf 88' lang='lat' dir='ltr'><strong>suos</strong></span> <span class='ocrx_word' id='word_1_31' title='bbox 491 614 683 663; x_wconf 86' lang='lat' dir='ltr'>celebraturam</span> <span class='ocrx_word' id='word_1_32' title='bbox 694 614 936 678; x_wconf 84' lang='lat' dir='ltr'><strong>multojncrmdins,</strong></span> <span class='ocrx_word' id='word_1_33' title='bbox 954 616 974 666; x_wconf 83' lang='lat' dir='ltr'><strong>si</strong></span> <span class='ocrx_word' id='word_1_34' title='bbox 992 616 1082 664; x_wconf 88' lang='lat' dir='ltr'><strong>horum</strong></span> <span class='ocrx_word' id='word_1_35' title='bbox 1095 624 1237 680; x_wconf 89' lang='lat' dir='ltr'><strong>conspectu</strong></span> 
     </span>
     <span class='ocr_line' id='line_1_5' title="bbox 160 693 1237 759; baseline 0.003 -16"><span class='ocrx_word' id='word_1_36' title='bbox 160 695 305 757; x_wconf 84' lang='lat' dir='ltr'>frueretur,</span> <span class='ocrx_word' id='word_1_37' title='bbox 315 708 375 757; x_wconf 94' lang='lat' dir='ltr'><strong>cap.</strong></span> <span class='ocrx_word' id='word_1_38' title='bbox 387 707 454 743; x_wconf 89' lang='lat' dir='ltr'>xrrr.</span> <span class='ocrx_word' id='word_1_39' title='bbox 486 693 564 744; x_wconf 90' lang='lat' dir='ltr'><strong>Hauc</strong></span> <span class='ocrx_word' id='word_1_40' title='bbox 582 701 656 757; x_wconf 78' lang='lat' dir='ltr'>rogat</span> <span class='ocrx_word' id='word_1_41' title='bbox 667 709 700 744; x_wconf 92' lang='lat' dir='ltr'><strong>ne</strong></span> <span class='ocrx_word' id='word_1_42' title='bbox 712 695 868 745; x_wconf 84' lang='lat' dir='ltr'>Trerorenoi</span> <span class='ocrx_word' id='word_1_43' title='bbox 881 696 937 746; x_wconf 86' lang='lat' dir='ltr'><strong>urbi</strong></span> <span class='ocrx_word' id='word_1_44' title='bbox 949 697 1004 745; x_wconf 88' lang='lat' dir='ltr'><strong>iilos</strong></span> <span class='ocrx_word' id='word_1_45' title='bbox 1015 697 1145 759; x_wconf 81' lang='lat' dir='ltr'><strong>inrideat3</strong></span> <span class='ocrx_word' id='word_1_46' title='bbox 1162 697 1237 747; x_wconf 82' lang='lat' dir='ltr'>autel</span> 
     </span>
     <span class='ocr_line' id='line_1_6' title="bbox 162 775 1242 842; baseline 0 -15"><span class='ocrx_word' id='word_1_47' title='bbox 162 775 356 841; x_wconf 86' lang='lat' dir='ltr'>triumphantes</span> <span class='ocrx_word' id='word_1_48' title='bbox 368 775 539 839; x_wconf 84' lang='lat' dir='ltr'>imperatores</span> <span class='ocrx_word' id='word_1_49' title='bbox 552 776 625 824; x_wconf 86' lang='lat' dir='ltr'>brari</span> <span class='ocrx_word' id='word_1_50' title='bbox 637 776 663 825; x_wconf 92' lang='lat' dir='ltr'><strong>in</strong></span> <span class='ocrx_word' id='word_1_51' title='bbox 675 776 732 826; x_wconf 86' lang='lat' dir='ltr'><strong>sinn</strong></span> <span class='ocrx_word' id='word_1_52' title='bbox 745 784 888 842; x_wconf 85' lang='lat' dir='ltr'>acceptura</span> <span class='ocrx_word' id='word_1_53' title='bbox 897 778 941 841; x_wconf 85' lang='lat' dir='ltr'><strong>sit,</strong></span> <span class='ocrx_word' id='word_1_54' title='bbox 954 778 1145 828; x_wconf 77' lang='lat' dir='ltr'><strong>Diocletianum</strong></span> <span class='ocrx_word' id='word_1_55' title='bbox 1157 779 1242 842; x_wconf 72' lang='lat' dir='ltr'><strong>ocyu&#39;l</strong></span> 
     </span>
     <span class='ocr_line' id='line_1_7' title="bbox 163 842 841 922; baseline -0.003 -11"><span class='ocrx_word' id='word_1_56' title='bbox 163 858 281 922; x_wconf 76' lang='lat' dir='ltr'>Orienti,</span> <span class='ocrx_word' id='word_1_57' title='bbox 291 857 477 918; x_wconf 79' lang='lat' dir='ltr'><strong>Maximianum</strong></span> <span class='ocrx_word' id='word_1_58' title='bbox 489 842 582 908; x_wconf 83' lang='lat' dir='ltr'><strong>Galliis</strong></span> <span class='ocrx_word' id='word_1_59' title='bbox 593 857 696 922; x_wconf 85' lang='lat' dir='ltr'><strong>reddat,</strong></span> <span class='ocrx_word' id='word_1_60' title='bbox 707 872 766 922; x_wconf 88' lang='lat' dir='ltr'><strong>cap.</strong></span> <span class='ocrx_word' id='word_1_61' title='bbox 780 873 841 909; x_wconf 68' lang='grc' dir='ltr'><strong>ιιι.</strong></span> 
     </span>
    </p>
   </div>
   <div class='ocr_carea' id='block_1_3' title="bbox 115 1033 1245 1872">
    <p class='ocr_par' dir='ltr' id='par_1_3' title="bbox 115 1033 1245 1872">
     <span class='ocr_line' id='line_1_8' title="bbox 134 1033 1241 1152; baseline 0 -19"><span class='ocrx_word' id='word_1_62' title='bbox 134 1066 223 1133; x_wconf 68' lang='lat' dir='ltr'><strong>Gir.</strong></span> <span class='ocrx_word' id='word_1_63' title='bbox 240 1081 264 1127; x_wconf 91' lang='grc' dir='ltr'><strong>ι.</strong></span> <span class='ocrx_word' id='word_1_64' title='bbox 283 1064 315 1128; x_wconf 89' lang='grc'><strong>1.</strong></span> <span class='ocrx_word' id='word_1_65' title='bbox 333 1038 434 1130; x_wconf 79' lang='lat' dir='ltr'><strong>Cum</strong></span> <span class='ocrx_word' id='word_1_66' title='bbox 451 1065 610 1131; x_wconf 90' lang='lat' dir='ltr'><strong>omnibus</strong></span> <span class='ocrx_word' id='word_1_67' title='bbox 625 1065 720 1130; x_wconf 85' lang='lat' dir='ltr'><strong>sestis</strong></span> <span class='ocrx_word' id='word_1_68' title='bbox 737 1033 868 1144; x_wconf 71' lang='lat' dir='ltr'><strong>diebus,</strong></span> <span class='ocrx_word' id='word_1_69' title='bbox 885 1067 1112 1132; x_wconf 86' lang='lat' dir='ltr'><strong>sacratissime</strong></span> <span class='ocrx_word' id='word_1_70' title='bbox 1126 1067 1241 1152; x_wconf 78' lang='lat' dir='ltr'>Impe-</span> 
     </span>
     <span class='ocr_line' id='line_1_9' title="bbox 133 1167 1240 1252; baseline 0.003 -20"><span class='ocrx_word' id='word_1_71' title='bbox 133 1175 236 1246; x_wconf 86' lang='lat' dir='ltr'>rator,</span> <span class='ocrx_word' id='word_1_72' title='bbox 251 1167 374 1231; x_wconf 87' lang='lat' dir='ltr'>debeat</span> <span class='ocrx_word' id='word_1_73' title='bbox 388 1167 496 1231; x_wconf 88' lang='lat' dir='ltr'><strong>honos</strong></span> <span class='ocrx_word' id='word_1_74' title='bbox 511 1176 623 1234; x_wconf 82' lang='lat' dir='ltr'>vester</span> <span class='ocrx_word' id='word_1_75' title='bbox 645 1167 769 1232; x_wconf 84' lang='lat' dir='ltr'><strong>divinis</strong></span> <span class='ocrx_word' id='word_1_76' title='bbox 785 1170 884 1232; x_wconf 84' lang='lat' dir='ltr'><strong>nebus</strong></span> <span class='ocrx_word' id='word_1_77' title='bbox 900 1171 1054 1252; x_wconf 61' lang='lat' dir='ltr'>aequari:</span> <span class='ocrx_word' id='word_1_78' title='bbox 1069 1177 1137 1234; x_wconf 90' lang='lat' dir='ltr'><strong>tum</strong></span> <span class='ocrx_word' id='word_1_79' title='bbox 1155 1189 1240 1252; x_wconf 87' lang='lat' dir='ltr'>proe-</span> 
     </span>
     <span class='ocr_line' id='line_1_10' title="bbox 133 1268 1242 1355; baseline 0.003 -21"><span class='ocrx_word' id='word_1_80' title='bbox 133 1271 233 1355; x_wconf 84' lang='lat' dir='ltr'>cipue</span> <span class='ocrx_word' id='word_1_81' title='bbox 250 1268 466 1335; x_wconf 85' lang='lat' dir='ltr'>celeberrimo</span> <span class='ocrx_word' id='word_1_82' title='bbox 482 1271 560 1348; x_wconf 84' lang='lat' dir='ltr'><strong>isto,</strong></span> <span class='ocrx_word' id='word_1_83' title='bbox 578 1275 612 1335; x_wconf 90' lang='lat' dir='ltr'><strong>et</strong></span> <span class='ocrx_word' id='word_1_84' title='bbox 625 1271 868 1353; x_wconf 84' lang='lat' dir='ltr'><strong>imperantibus</strong></span> <span class='ocrx_word' id='word_1_85' title='bbox 885 1272 984 1336; x_wconf 92' lang='lat' dir='ltr'><strong>vobis</strong></span> <span class='ocrx_word' id='word_1_86' title='bbox 996 1272 1169 1337; x_wconf 77' lang='lat' dir='ltr'><strong>letissimo</strong></span> <span class='ocrx_word' id='word_1_87' title='bbox 1185 1272 1242 1345; x_wconf 83' lang='lat' dir='ltr'><strong>die</strong></span> 
     </span>
     <span class='ocr_line' id='line_1_11' title="bbox 134 1372 1245 1456; baseline 0.001 -19"><span class='ocrx_word' id='word_1_88' title='bbox 134 1372 304 1437; x_wconf 86' lang='lat' dir='ltr'>veneratio</span> <span class='ocrx_word' id='word_1_89' title='bbox 319 1372 466 1456; x_wconf 87' lang='lat' dir='ltr'><strong>numinis</strong></span> <span class='ocrx_word' id='word_1_90' title='bbox 489 1375 539 1436; x_wconf 90' lang='lat' dir='ltr'><strong>tui</strong></span> <span class='ocrx_word' id='word_1_91' title='bbox 562 1393 638 1438; x_wconf 89' lang='lat' dir='ltr'><strong>cum</strong></span> <span class='ocrx_word' id='word_1_92' title='bbox 662 1374 791 1438; x_wconf 89' lang='lat' dir='ltr'><strong>solenni</strong></span> <span class='ocrx_word' id='word_1_93' title='bbox 816 1393 922 1441; x_wconf 85' lang='lat' dir='ltr'><strong>sacrae</strong></span> <span class='ocrx_word' id='word_1_94' title='bbox 939 1375 1033 1438; x_wconf 88' lang='lat' dir='ltr'><strong>urbis</strong></span> <span class='ocrx_word' id='word_1_95' title='bbox 1056 1375 1245 1456; x_wconf 68' lang='lat' dir='ltr'>religione*</span> 
     </span>
     <span class='ocr_line' id='line_1_12' title="bbox 130 1473 1242 1562; baseline 0.004 -24"><span class='ocrx_word' id='word_1_96' title='bbox 130 1474 305 1559; x_wconf 85' lang='lat' dir='ltr'><strong>jungenda</strong></span> <span class='ocrx_word' id='word_1_97' title='bbox 320 1479 384 1538; x_wconf 85' lang='lat' dir='ltr'><strong>est.</strong></span> <span class='ocrx_word' id='word_1_98' title='bbox 413 1473 446 1538; x_wconf 85' lang='lat'><strong>2.</strong></span> <span class='ocrx_word' id='word_1_99' title='bbox 462 1473 590 1540; x_wconf 91' lang='lat' dir='ltr'>Verum</span> <span class='ocrx_word' id='word_1_100' title='bbox 603 1483 658 1540; x_wconf 88' lang='lat' dir='ltr'><strong>est</strong></span> <span class='ocrx_word' id='word_1_101' title='bbox 669 1476 756 1541; x_wconf 86' lang='lat' dir='ltr'><strong>onim</strong></span> <span class='ocrx_word' id='word_1_102' title='bbox 771 1476 934 1560; x_wconf 85' lang='lat' dir='ltr'>profecto,</span> <span class='ocrx_word' id='word_1_103' title='bbox 949 1477 1041 1562; x_wconf 90' lang='lat' dir='ltr'><strong>quod</strong></span> <span class='ocrx_word' id='word_1_104' title='bbox 1056 1478 1099 1542; x_wconf 91' lang='lat' dir='ltr'><strong>de</strong></span> <span class='ocrx_word' id='word_1_105' title='bbox 1114 1479 1242 1561; x_wconf 82' lang='lat' dir='ltr'><strong>origine</strong></span> 
     </span>
     <span class='ocr_line' id='line_1_13' title="bbox 134 1578 1243 1663; baseline 0.005 -21"><span class='ocrx_word' id='word_1_106' title='bbox 134 1578 228 1642; x_wconf 89' lang='lat' dir='ltr'><strong>illius</strong></span> <span class='ocrx_word' id='word_1_107' title='bbox 256 1578 405 1643; x_wconf 86' lang='lat' dir='ltr'><strong>civitatis</strong></span> <span class='ocrx_word' id='word_1_108' title='bbox 429 1580 636 1663; x_wconf 65' lang='lat' dir='ltr'><strong>accepimus</strong></span> <span class='ocrx_word' id='word_1_109' title='bbox 663 1580 805 1663; x_wconf 88' lang='lat' dir='ltr'>primam</span> <span class='ocrx_word' id='word_1_110' title='bbox 832 1581 867 1644; x_wconf 90' lang='lat' dir='ltr'><strong>iu</strong></span> <span class='ocrx_word' id='word_1_111' title='bbox 893 1599 934 1644; x_wconf 87' lang='lat' dir='ltr'><strong>ca</strong></span> <span class='ocrx_word' id='word_1_112' title='bbox 959 1581 1073 1644; x_wconf 84' lang='lat' dir='ltr'><strong>sedem</strong></span> <span class='ocrx_word' id='word_1_113' title='bbox 1098 1580 1243 1649; x_wconf 90' lang='lat' dir='ltr'><strong>numinis</strong></span> 
     </span>
     <span class='ocr_line' id='line_1_14' title="bbox 136 1680 1244 1768; baseline 0.003 -24"><span class='ocrx_word' id='word_1_114' title='bbox 136 1680 249 1758; x_wconf 87' lang='lat' dir='ltr'>vestri,</span> <span class='ocrx_word' id='word_1_115' title='bbox 266 1689 420 1745; x_wconf 84' lang='lat' dir='ltr'><strong>sanctum</strong></span> <span class='ocrx_word' id='word_1_116' title='bbox 435 1681 519 1746; x_wconf 92' lang='lat' dir='ltr'><strong>illud</strong></span> <span class='ocrx_word' id='word_1_117' title='bbox 536 1683 830 1768; x_wconf 85' lang='lat' dir='ltr'>venerandumque</span> <span class='ocrx_word' id='word_1_118' title='bbox 847 1682 1028 1761; x_wconf 85' lang='lat' dir='ltr'><strong>Palatium,</strong></span> <span class='ocrx_word' id='word_1_119' title='bbox 1047 1702 1160 1765; x_wconf 53' lang='lat' dir='ltr'>&gt;regem</span> <span class='ocrx_word' id='word_1_120' title='bbox 1184 1684 1244 1747; x_wconf 86' lang='lat' dir='ltr'><strong>ad·</strong></span> 
     </span>
     <span class='ocr_line' id='line_1_15' title="bbox 115 1781 1243 1872; baseline 0.008 -27"><span class='ocrx_word' id='word_1_121' title='bbox 115 1781 285 1848; x_wconf 42' lang='lat' dir='ltr'>*renamb</span> <span class='ocrx_word' id='word_1_122' title='bbox 313 1784 520 1864; x_wconf 86' lang='lat' dir='ltr'><strong>condidisse,</strong></span> <span class='ocrx_word' id='word_1_123' title='bbox 551 1786 611 1850; x_wconf 90' lang='lat' dir='ltr'><strong>sed</strong></span> <span class='ocrx_word' id='word_1_124' title='bbox 638 1786 807 1872; x_wconf 83' lang='lat' dir='ltr'><strong>hospitem</strong></span> <span class='ocrx_word' id='word_1_125' title='bbox 836 1787 1003 1854; x_wconf 83' lang='lat' dir='ltr'><strong>advenam</strong></span> <span class='ocrx_word' id='word_1_126' title='bbox 1033 1786 1243 1854; x_wconf 89' lang='lat' dir='ltr'><strong>consedisse.</strong></span> 
     </span>
    </p>
   </div>
   <div class='ocr_carea' id='block_1_4' title="bbox 170 1949 563 2015">
    <p class='ocr_par' dir='ltr' id='par_1_4' title="bbox 170 1949 563 2015">
     <span class='ocr_line' id='line_1_16' title="bbox 170 1949 563 2015; baseline -0.003 -14"><span class='ocrx_word' id='word_1_127' title='bbox 170 1958 182 1982; x_wconf 80' lang='lat'>⁸</span> <span class='ocrx_word' id='word_1_128' title='bbox 200 1949 307 2001; x_wconf 78' lang='lat' dir='ltr'><strong>Deorum</strong></span> <span class='ocrx_word' id='word_1_129' title='bbox 317 1950 497 2015; x_wconf 77' lang='lat' dir='ltr'><strong>imovilaspor</strong></span> <span class='ocrx_word' id='word_1_130' title='bbox 507 1965 563 2002; x_wconf 84' lang='lat' dir='ltr'><strong>esso.</strong></span> 
     </span>
    </p>
   </div>
   <div class='ocr_carea' id='block_1_5' title="bbox 171 2133 1255 2226">
    <p class='ocr_par' dir='ltr' id='par_1_5' title="bbox 171 2133 1255 2226">
     <span class='ocr_line' id='line_1_17' title="bbox 171 2133 1255 2226; baseline 0 -15"><span class='ocrx_word' id='word_1_131' title='bbox 171 2163 215 2211; x_wconf 88' lang='lat' dir='ltr'>De</span> <span class='ocrx_word' id='word_1_132' title='bbox 224 2160 317 2209; x_wconf 82' lang='lat' dir='ltr'><strong>&#39;l&#39;itulo</strong></span> <span class='ocrx_word' id='word_1_133' title='bbox 329 2159 390 2209; x_wconf 88' lang='lat' dir='ltr'><strong>ride</strong></span> <span class='ocrx_word' id='word_1_134' title='bbox 400 2159 538 2210; x_wconf 86' lang='lat' dir='ltr'><strong>Sclrrrarzii</strong></span> <span class='ocrx_word' id='word_1_135' title='bbox 556 2160 774 2211; x_wconf 86' lang='lat' dir='ltr'><strong>Dissertationem</strong></span> <span class='ocrx_word' id='word_1_136' title='bbox 787 2161 845 2211; x_wconf 92' lang='lat' dir='ltr'><strong>lmic</strong></span> <span class='ocrx_word' id='word_1_137' title='bbox 858 2161 1024 2226; x_wconf 74' lang='lat' dir='ltr'><strong>Panegyrico</strong></span> <span class='ocrx_word' id='word_1_138' title='bbox 1037 2160 1205 2224; x_wconf 77' lang='lat' dir='ltr'><strong>praemissam.</strong></span> <span class='ocrx_word' id='word_1_139' title='bbox 1252 2133 1255 2138; x_wconf 25' lang='lat'><strong><em>‘</em></strong></span> 
     </span>
    </p>
   </div>
   <div class='ocr_carea' id='block_1_6' title="bbox 134 2225 1302 3329">
    <p class='ocr_par' dir='ltr' id='par_1_6' title="bbox 134 2225 1302 3329">
     <span class='ocr_line' id='line_1_18' title="bbox 168 2225 1248 2293; baseline -0.001 -17"><span class='ocrx_word' id='word_1_140' title='bbox 168 2228 238 2277; x_wconf 74' lang='lat' dir='ltr'><strong>Car.</strong></span> <span class='ocrx_word' id='word_1_141' title='bbox 251 2240 272 2275; x_wconf 92' lang='lat'><strong>1.</strong></span> <span class='ocrx_word' id='word_1_142' title='bbox 288 2228 321 2274; x_wconf 86' lang='lat' dir='ltr'><strong>l‘</strong></span> <span class='ocrx_word' id='word_1_143' title='bbox 334 2225 476 2282; x_wconf 83' lang='lat' dir='ltr'><strong>Livineius,</strong></span> <span class='ocrx_word' id='word_1_144' title='bbox 489 2240 547 2275; x_wconf 92' lang='lat' dir='ltr'><strong>oum</strong></span> <span class='ocrx_word' id='word_1_145' title='bbox 560 2225 585 2274; x_wconf 87' lang='lat' dir='ltr'><strong>ln</strong></span> <span class='ocrx_word' id='word_1_146' title='bbox 596 2225 698 2275; x_wconf 86' lang='lat' dir='ltr'><strong>duobus</strong></span> <span class='ocrx_word' id='word_1_147' title='bbox 711 2228 822 2276; x_wconf 83' lang='lat' dir='ltr'><strong>vetustis</strong></span> <span class='ocrx_word' id='word_1_148' title='bbox 834 2227 911 2276; x_wconf 88' lang='lat' dir='ltr'><strong>codd.</strong></span> <span class='ocrx_word' id='word_1_149' title='bbox 921 2227 1063 2293; x_wconf 87' lang='lat' dir='ltr'>reperisset</span> <span class='ocrx_word' id='word_1_150' title='bbox 1072 2227 1157 2276; x_wconf 82' lang='lat' dir='ltr'>deleat</span> <span class='ocrx_word' id='word_1_151' title='bbox 1168 2228 1248 2283; x_wconf 77' lang='lat' dir='ltr'><strong>honos,</strong></span> 
     </span>
     <span class='ocr_line' id='line_1_19' title="bbox 138 2291 1251 2421; baseline 0.002 -16"><span class='ocrx_word' id='word_1_152' title='bbox 138 2291 611 2419; x_wconf 61' lang='lat' dir='ltr'><strong>itiitlttiltlldistiti</strong></span> <span class='ocrx_word' id='word_1_153' title='bbox 628 2293 894 2421; x_wconf 59' lang='lat' dir='ltr'>*utititiltt</span> <span class='ocrx_word' id='word_1_154' title='bbox 909 2291 1251 2420; x_wconf 70' lang='lat' dir='ltr'><strong>:..t.?..lt¹&#39;til⁰.llti‘l</strong></span> 
     </span>
     <span class='ocr_line' id='line_1_20' title="bbox 137 2395 1249 2484; baseline -0.001 -14"><span class='ocrx_word' id='word_1_155' title='bbox 137 2414 341 2478; x_wconf 75' lang='lat' dir='ltr'><strong>tudicenostro,</strong></span> <span class='ocrx_word' id='word_1_156' title='bbox 352 2421 397 2470; x_wconf 87' lang='lat' dir='ltr'><strong>sed</strong></span> <span class='ocrx_word' id='word_1_157' title='bbox 416 2422 440 2470; x_wconf 87' lang='lat' dir='ltr'><strong>in</strong></span> <span class='ocrx_word' id='word_1_158' title='bbox 454 2428 565 2484; x_wconf 87' lang='lat' dir='ltr'>utroque</span> <span class='ocrx_word' id='word_1_159' title='bbox 577 2421 657 2469; x_wconf 89' lang='lat' dir='ltr'>etiam</span> <span class='ocrx_word' id='word_1_160' title='bbox 669 2422 735 2471; x_wconf 92' lang='lat' dir='ltr'><strong>libro</strong></span> <span class='ocrx_word' id='word_1_161' title='bbox 748 2423 868 2472; x_wconf 84' lang='lat' dir='ltr'><strong>Gudiano</strong></span> <span class='ocrx_word' id='word_1_162' title='bbox 882 2438 914 2472; x_wconf 85' lang='lat' dir='ltr'>ex</span> <span class='ocrx_word' id='word_1_163' title='bbox 927 2425 983 2472; x_wconf 91' lang='lat' dir='ltr'><strong>aliis</strong></span> <span class='ocrx_word' id='word_1_164' title='bbox 996 2395 1128 2472; x_wconf 70' lang='lat' dir='ltr'><strong>codicibus</strong></span> <span class='ocrx_word' id='word_1_165' title='bbox 1141 2429 1249 2472; x_wconf 85' lang='lat' dir='ltr'>anneta·</span> 
     </span>
     <span class='ocr_line' id='line_1_21' title="bbox 138 2484 1302 2550; baseline 0.002 -16"><span class='ocrx_word' id='word_1_166' title='bbox 138 2492 192 2536; x_wconf 84' lang='lat' dir='ltr'>tiam</span> <span class='ocrx_word' id='word_1_167' title='bbox 214 2485 453 2550; x_wconf 63' lang='lat' dir='ltr'><strong>deprehendimus!</strong></span> <span class='ocrx_word' id='word_1_168' title='bbox 469 2484 592 2534; x_wconf 77' lang='lat' dir='ltr'><strong>Schmun.</strong></span> <span class='ocrx_word' id='word_1_169' title='bbox 620 2486 705 2536; x_wconf 81' lang='lat' dir='ltr'>delent</span> <span class='ocrx_word' id='word_1_170' title='bbox 723 2489 795 2536; x_wconf 82' lang='lat' dir='ltr'><strong>lenos</strong></span> <span class='ocrx_word' id='word_1_171' title='bbox 817 2489 884 2536; x_wconf 83' lang='lat' dir='ltr'><strong>Enc.</strong></span> <span class='ocrx_word' id='word_1_172' title='bbox 903 2489 977 2537; x_wconf 85' lang='lat' dir='ltr'><strong>Voss.</strong></span> <span class='ocrx_word' id='word_1_173' title='bbox 998 2497 1027 2536; x_wconf 87' lang='lat' dir='ltr'><strong>et</strong></span> <span class='ocrx_word' id='word_1_174' title='bbox 1048 2488 1082 2535; x_wconf 90' lang='lat' dir='ltr'><strong>al.</strong></span> <span class='ocrx_word' id='word_1_175' title='bbox 1105 2487 1182 2537; x_wconf 90' lang='lat' dir='ltr'><strong>codd.</strong></span> <span class='ocrx_word' id='word_1_176' title='bbox 1206 2499 1250 2548; x_wconf 85' lang='lat' dir='ltr'><strong>up·</strong></span> <span class='ocrx_word' id='word_1_177' title='bbox 1298 2495 1302 2504; x_wconf 76' lang='lat'><em>⁶</em></span> 
     </span>
     <span class='ocr_line' id='line_1_22' title="bbox 138 2549 1249 2615; baseline 0 -15"><span class='ocrx_word' id='word_1_178' title='bbox 138 2549 267 2602; x_wconf 82' lang='lat' dir='ltr'><strong>Arntzen.</strong></span> <span class='ocrx_word' id='word_1_179' title='bbox 285 2552 353 2601; x_wconf 85' lang='lat' dir='ltr'><strong>dolet</strong></span> <span class='ocrx_word' id='word_1_180' title='bbox 370 2552 445 2600; x_wconf 79' lang='lat' dir='ltr'><strong>donor</strong></span> <span class='ocrx_word' id='word_1_181' title='bbox 456 2552 543 2613; x_wconf 66' lang='lat' dir='ltr'><strong>vulgo.</strong></span> <span class='ocrx_word' id='word_1_182' title='bbox 554 2551 649 2600; x_wconf 83' lang='lat' dir='ltr'><strong>videtur</strong></span> <span class='ocrx_word' id='word_1_183' title='bbox 662 2567 709 2615; x_wconf 92' lang='lat' dir='ltr'><strong>pro</strong></span> <span class='ocrx_word' id='word_1_184' title='bbox 719 2558 796 2602; x_wconf 80' lang='lat' dir='ltr'>vester</span> <span class='ocrx_word' id='word_1_185' title='bbox 809 2554 875 2601; x_wconf 83' lang='lat' dir='ltr'><strong>Exc.</strong></span> <span class='ocrx_word' id='word_1_186' title='bbox 891 2553 968 2601; x_wconf 86' lang='lat' dir='ltr'><strong>Voss.</strong></span> <span class='ocrx_word' id='word_1_187' title='bbox 1000 2553 1070 2602; x_wconf 86' lang='lat' dir='ltr'>Ante</span> <span class='ocrx_word' id='word_1_188' title='bbox 1083 2552 1166 2601; x_wconf 77' lang='lat' dir='ltr'><strong>Lirin.</strong></span> <span class='ocrx_word' id='word_1_189' title='bbox 1179 2554 1249 2609; x_wconf 65' lang='lat' dir='ltr'>lege·</span> 
     </span>
     <span class='ocr_line' id='line_1_23' title="bbox 137 2615 1249 2680; baseline -0.001 -14"><span class='ocrx_word' id='word_1_190' title='bbox 137 2615 215 2666; x_wconf 88' lang='lat' dir='ltr'>bator</span> <span class='ocrx_word' id='word_1_191' title='bbox 227 2616 293 2666; x_wconf 84' lang='lat' dir='ltr'><strong>nobis</strong></span> <span class='ocrx_word' id='word_1_192' title='bbox 303 2616 439 2675; x_wconf 77' lang='lat' dir='ltr'><strong>lectissimo,</strong></span> <span class='ocrx_word' id='word_1_193' title='bbox 457 2616 526 2680; x_wconf 89' lang='lat' dir='ltr'><strong>quod</strong></span> <span class='ocrx_word' id='word_1_194' title='bbox 541 2623 671 2665; x_wconf 85' lang='lat' dir='ltr'>retentum</span> <span class='ocrx_word' id='word_1_195' title='bbox 685 2624 725 2666; x_wconf 90' lang='lat' dir='ltr'>est</span> <span class='ocrx_word' id='word_1_196' title='bbox 742 2631 757 2666; x_wconf 87' lang='lat' dir='ltr'>a</span> <span class='ocrx_word' id='word_1_197' title='bbox 775 2618 889 2677; x_wconf 85' lang='lat' dir='ltr'><strong>Rivino;</strong></span> <span class='ocrx_word' id='word_1_198' title='bbox 907 2618 974 2666; x_wconf 85' lang='lat' dir='ltr'><strong>sodis</strong></span> <span class='ocrx_word' id='word_1_199' title='bbox 989 2618 1109 2666; x_wconf 75' lang='lat' dir='ltr'><strong>letissimo</strong></span> <span class='ocrx_word' id='word_1_200' title='bbox 1123 2618 1183 2666; x_wconf 89' lang='lat' dir='ltr'>Vet.</span> <span class='ocrx_word' id='word_1_201' title='bbox 1196 2616 1249 2665; x_wconf 87' lang='lat' dir='ltr'><strong>Pu·</strong></span> 
     </span>
     <span class='ocr_line' id='line_1_24' title="bbox 137 2680 1251 2744; baseline -0.001 -15"><span class='ocrx_word' id='word_1_202' title='bbox 137 2687 207 2731; x_wconf 85' lang='lat' dir='ltr'><strong>toan.</strong></span> <span class='ocrx_word' id='word_1_203' title='bbox 216 2682 332 2744; x_wconf 82' lang='lat' dir='ltr'>Grrelplr.</span> <span class='ocrx_word' id='word_1_204' title='bbox 347 2682 411 2730; x_wconf 82' lang='lat' dir='ltr'>Eae.</span> <span class='ocrx_word' id='word_1_205' title='bbox 423 2681 571 2731; x_wconf 85' lang='lat' dir='ltr'><strong>Schonhor.</strong></span> <span class='ocrx_word' id='word_1_206' title='bbox 585 2689 613 2728; x_wconf 89' lang='lat' dir='ltr'><strong>et</strong></span> <span class='ocrx_word' id='word_1_207' title='bbox 628 2680 689 2730; x_wconf 83' lang='lat' dir='ltr'><strong>add.</strong></span> <span class='ocrx_word' id='word_1_208' title='bbox 702 2685 869 2732; x_wconf 69' lang='lat' dir='ltr'>retento-2·</span> <span class='ocrx_word' id='word_1_209' title='bbox 882 2686 890 2709; x_wconf 79' lang='lat'><em>⁴</em></span> <span class='ocrx_word' id='word_1_210' title='bbox 904 2683 1035 2731; x_wconf 74' lang='lat' dir='ltr'><strong>Livineius</strong></span> <span class='ocrx_word' id='word_1_211' title='bbox 1047 2689 1167 2738; x_wconf 85' lang='lat' dir='ltr'>testatur,</span> <span class='ocrx_word' id='word_1_212' title='bbox 1180 2694 1208 2729; x_wconf 86' lang='lat' dir='ltr'><strong>ss</strong></span> <span class='ocrx_word' id='word_1_213' title='bbox 1224 2681 1251 2728; x_wconf 90' lang='lat' dir='ltr'><strong>iu</strong></span> 
     </span>
     <span class='ocr_line' id='line_1_25' title="bbox 137 2745 1253 2810; baseline -0.002 -16"><span class='ocrx_word' id='word_1_214' title='bbox 137 2748 230 2796; x_wconf 84' lang='lat' dir='ltr'><strong>codiee</strong></span> <span class='ocrx_word' id='word_1_215' title='bbox 250 2747 408 2797; x_wconf 86' lang='lat' dir='ltr'>Bertiuieuai</span> <span class='ocrx_word' id='word_1_216' title='bbox 421 2747 546 2810; x_wconf 83' lang='lat' dir='ltr'><strong>scriptum</strong></span> <span class='ocrx_word' id='word_1_217' title='bbox 563 2746 701 2806; x_wconf 81' lang='lat' dir='ltr'>reperisse.</span> <span class='ocrx_word' id='word_1_218' title='bbox 717 2748 804 2809; x_wconf 80' lang='lat' dir='ltr'>Regem</span> <span class='ocrx_word' id='word_1_219' title='bbox 821 2748 936 2796; x_wconf 83' lang='lat' dir='ltr'><strong>adeersum</strong></span> <span class='ocrx_word' id='word_1_220' title='bbox 952 2747 1093 2802; x_wconf 82' lang='lat' dir='ltr'><strong>condidisse.</strong></span> <span class='ocrx_word' id='word_1_221' title='bbox 1105 2748 1145 2795; x_wconf 86' lang='lat' dir='ltr'><strong>sed</strong></span> <span class='ocrx_word' id='word_1_222' title='bbox 1159 2745 1253 2794; x_wconf 64' lang='lat' dir='ltr'>Heron</span> 
     </span>
     <span class='ocr_line' id='line_1_26' title="bbox 137 2810 1252 2875; baseline 0.001 -15"><span class='ocrx_word' id='word_1_223' title='bbox 137 2814 182 2860; x_wconf 88' lang='lat' dir='ltr'><strong>lem</strong></span> <span class='ocrx_word' id='word_1_224' title='bbox 194 2812 310 2875; x_wconf 74' lang='lat' dir='ltr'><strong>hospitem</strong></span> <span class='ocrx_word' id='word_1_225' title='bbox 322 2811 462 2860; x_wconf 80' lang='lat' dir='ltr'><strong>condidisse.</strong></span> <span class='ocrx_word' id='word_1_226' title='bbox 490 2813 556 2863; x_wconf 74' lang='lat' dir='ltr'><strong>Quae</strong></span> <span class='ocrx_word' id='word_1_227' title='bbox 569 2811 709 2874; x_wconf 88' lang='lat' dir='ltr'><strong>scriptura,</strong></span> <span class='ocrx_word' id='word_1_228' title='bbox 720 2813 779 2862; x_wconf 85' lang='lat' dir='ltr'><strong>licet</strong></span> <span class='ocrx_word' id='word_1_229' title='bbox 790 2820 816 2860; x_wconf 91' lang='lat' dir='ltr'><strong>et</strong></span> <span class='ocrx_word' id='word_1_230' title='bbox 830 2813 887 2872; x_wconf 89' lang='lat' dir='ltr'><strong>ipsa</strong></span> <span class='ocrx_word' id='word_1_231' title='bbox 898 2811 977 2860; x_wconf 81' lang='lat' dir='ltr'>fuerit</span> <span class='ocrx_word' id='word_1_232' title='bbox 989 2813 1147 2873; x_wconf 86' lang='lat' dir='ltr'>depravata;</span> <span class='ocrx_word' id='word_1_233' title='bbox 1159 2810 1252 2861; x_wconf 81' lang='lat' dir='ltr'><strong>saltem</strong></span> 
     </span>
     <span class='ocr_line' id='line_1_27' title="bbox 138 2875 1252 2941; baseline -0.003 -16"><span class='ocrx_word' id='word_1_234' title='bbox 138 2876 249 2933; x_wconf 85' lang='lat' dir='ltr'><strong>indicat,</strong></span> <span class='ocrx_word' id='word_1_235' title='bbox 261 2877 417 2925; x_wconf 85' lang='lat' dir='ltr'>mentionem</span> <span class='ocrx_word' id='word_1_236' title='bbox 427 2875 549 2926; x_wconf 86' lang='lat' dir='ltr'><strong>Herculis</strong></span> <span class='ocrx_word' id='word_1_237' title='bbox 559 2877 800 2941; x_wconf 79' lang='lat' dir='ltr'><strong>qtromodocumqne</strong></span> <span class='ocrx_word' id='word_1_238' title='bbox 813 2875 988 2936; x_wconf 77' lang='lat' dir='ltr'><strong>praecessisse.</strong></span> <span class='ocrx_word' id='word_1_239' title='bbox 1017 2876 1101 2927; x_wconf 80' lang='lat' dir='ltr'>Qraam</span> <span class='ocrx_word' id='word_1_240' title='bbox 1113 2875 1252 2939; x_wconf 81' lang='lat' dir='ltr'>lectionem</span> 
     </span>
     <span class='ocr_line' id='line_1_28' title="bbox 134 2939 1253 3005; baseline -0.002 -16"><span class='ocrx_word' id='word_1_241' title='bbox 134 2942 230 3004; x_wconf 86' lang='lat' dir='ltr'>juvare</span> <span class='ocrx_word' id='word_1_242' title='bbox 243 2940 346 3005; x_wconf 85' lang='lat' dir='ltr'>qrridem</span> <span class='ocrx_word' id='word_1_243' title='bbox 365 2948 472 2991; x_wconf 84' lang='lat' dir='ltr'><strong>conatus</strong></span> <span class='ocrx_word' id='word_1_244' title='bbox 491 2949 532 2990; x_wconf 89' lang='lat' dir='ltr'><strong>est</strong></span> <span class='ocrx_word' id='word_1_245' title='bbox 552 2940 692 2998; x_wconf 86' lang='lat' dir='ltr'><strong>Livineius,</strong></span> <span class='ocrx_word' id='word_1_246' title='bbox 707 2941 767 2990; x_wconf 86' lang='lat' dir='ltr'><strong>drrm</strong></span> <span class='ocrx_word' id='word_1_247' title='bbox 782 2939 979 2990; x_wconf 82' lang='lat' dir='ltr'><strong>rescribendum</strong></span> <span class='ocrx_word' id='word_1_248' title='bbox 992 2940 1161 2998; x_wconf 83' lang='lat' dir='ltr'><strong>existimavit,</strong></span> <span class='ocrx_word' id='word_1_249' title='bbox 1171 2953 1253 2998; x_wconf 77' lang='lat' dir='ltr'>regom</span> 
     </span>
     <span class='ocr_line' id='line_1_29' title="bbox 136 3002 1252 3069; baseline -0.001 -14"><span class='ocrx_word' id='word_1_250' title='bbox 136 3008 263 3069; x_wconf 71' lang='lat' dir='ltr'>merrom,</span> <span class='ocrx_word' id='word_1_251' title='bbox 273 3012 295 3056; x_wconf 89' lang='lat' dir='ltr'><strong>et</strong></span> <span class='ocrx_word' id='word_1_252' title='bbox 307 3006 437 3056; x_wconf 83' lang='lat' dir='ltr'><strong>Herculem</strong></span> <span class='ocrx_word' id='word_1_253' title='bbox 447 3006 571 3067; x_wconf 76' lang='lat' dir='ltr'>hospitem,</span> <span class='ocrx_word' id='word_1_254' title='bbox 579 3007 730 3064; x_wconf 75' lang='lat' dir='ltr'><strong>condidisse-3</strong></span> <span class='ocrx_word' id='word_1_255' title='bbox 743 3020 832 3055; x_wconf 85' lang='lat' dir='ltr'>verum</span> <span class='ocrx_word' id='word_1_256' title='bbox 845 3019 895 3054; x_wconf 86' lang='lat' dir='ltr'><strong>non</strong></span> <span class='ocrx_word' id='word_1_257' title='bbox 909 3006 971 3054; x_wconf 80' lang='lat' dir='ltr'><strong>eatis</strong></span> <span class='ocrx_word' id='word_1_258' title='bbox 983 3002 1116 3054; x_wconf 64' lang='lat' dir='ltr'>feliciter!</span> <span class='ocrx_word' id='word_1_259' title='bbox 1129 3003 1252 3054; x_wconf 69' lang='lat' dir='ltr'><strong>Solomone.</strong></span> 
     </span>
     <span class='ocr_line' id='line_1_30' title="bbox 139 3064 1254 3133; baseline -0.001 -14"><span class='ocrx_word' id='word_1_260' title='bbox 139 3071 199 3120; x_wconf 81' lang='lat' dir='ltr'><strong>nso</strong></span> <span class='ocrx_word' id='word_1_261' title='bbox 211 3071 289 3120; x_wconf 82' lang='lat' dir='ltr'><strong>codd.</strong></span> <span class='ocrx_word' id='word_1_262' title='bbox 304 3064 376 3121; x_wconf 79' lang='lat' dir='ltr'><strong>Gnd.</strong></span> <span class='ocrx_word' id='word_1_263' title='bbox 391 3085 471 3132; x_wconf 81' lang='lat' dir='ltr'>regem</span> <span class='ocrx_word' id='word_1_264' title='bbox 486 3074 600 3120; x_wconf 82' lang='lat' dir='ltr'><strong>odsmom</strong></span> <span class='ocrx_word' id='word_1_265' title='bbox 613 3071 748 3120; x_wconf 81' lang='lat' dir='ltr'><strong>condidisse</strong></span> <span class='ocrx_word' id='word_1_266' title='bbox 756 3087 767 3130; x_wconf 85' lang='lat'><strong>,·</strong></span> <span class='ocrx_word' id='word_1_267' title='bbox 782 3072 824 3119; x_wconf 87' lang='lat' dir='ltr'><strong>sed</strong></span> <span class='ocrx_word' id='word_1_268' title='bbox 837 3072 964 3120; x_wconf 76' lang='lat' dir='ltr'>Her-colem</span> <span class='ocrx_word' id='word_1_269' title='bbox 983 3070 1097 3133; x_wconf 79' lang='lat' dir='ltr'>hospitem</span> <span class='ocrx_word' id='word_1_270' title='bbox 1113 3069 1254 3118; x_wconf 74' lang='lat' dir='ltr'><strong>consedisse.</strong></span> 
     </span>
     <span class='ocr_line' id='line_1_31' title="bbox 139 3134 1255 3199; baseline -0.003 -14"><span class='ocrx_word' id='word_1_271' title='bbox 139 3136 271 3186; x_wconf 68' lang='lat' dir='ltr'><strong>Schwars.</strong></span> <span class='ocrx_word' id='word_1_272' title='bbox 288 3137 356 3199; x_wconf 86' lang='lat' dir='ltr'><strong>conj.</strong></span> <span class='ocrx_word' id='word_1_273' title='bbox 372 3150 451 3198; x_wconf 80' lang='lat' dir='ltr'>rogem</span> <span class='ocrx_word' id='word_1_274' title='bbox 465 3137 579 3185; x_wconf 80' lang='lat' dir='ltr'><strong>adranam</strong></span> <span class='ocrx_word' id='word_1_275' title='bbox 589 3136 732 3192; x_wconf 74' lang='lat' dir='ltr'><strong>condidisse,</strong></span> <span class='ocrx_word' id='word_1_276' title='bbox 745 3150 817 3199; x_wconf 79' lang='lat' dir='ltr'>eoque</span> <span class='ocrx_word' id='word_1_277' title='bbox 834 3137 888 3184; x_wconf 83' lang='lat' dir='ltr'><strong>sede</strong></span> <span class='ocrx_word' id='word_1_278' title='bbox 899 3136 1033 3185; x_wconf 80' lang='lat' dir='ltr'>Herculem</span> <span class='ocrx_word' id='word_1_279' title='bbox 1045 3134 1159 3198; x_wconf 81' lang='lat' dir='ltr'><strong>liospiteaa</strong></span> <span class='ocrx_word' id='word_1_280' title='bbox 1174 3146 1255 3182; x_wconf 75' lang='lat' dir='ltr'><strong>conse·</strong></span> 
     </span>
     <span class='ocr_line' id='line_1_32' title="bbox 138 3200 1255 3264; baseline -0.003 -15"><span class='ocrx_word' id='word_1_281' title='bbox 138 3203 212 3250; x_wconf 78' lang='lat' dir='ltr'><strong>disse.</strong></span> <span class='ocrx_word' id='word_1_282' title='bbox 229 3201 379 3264; x_wconf 74' lang='lat' dir='ltr'><strong>(incipis-ut</strong></span> <span class='ocrx_word' id='word_1_283' title='bbox 391 3202 416 3250; x_wconf 88' lang='lat' dir='ltr'><strong>iu</strong></span> <span class='ocrx_word' id='word_1_284' title='bbox 430 3207 505 3250; x_wconf 79' lang='lat' dir='ltr'>testu</span> <span class='ocrx_word' id='word_1_285' title='bbox 517 3209 617 3250; x_wconf 81' lang='lat' dir='ltr'><strong>nostro.</strong></span> <span class='ocrx_word' id='word_1_286' title='bbox 653 3200 759 3251; x_wconf 79' lang='lat' dir='ltr'><strong>(lortius</strong></span> <span class='ocrx_word' id='word_1_287' title='bbox 773 3200 936 3263; x_wconf 65' lang='lat' dir='ltr'><strong>conticendo</strong></span> <span class='ocrx_word' id='word_1_288' title='bbox 949 3200 1063 3263; x_wconf 79' lang='lat' dir='ltr'><strong>hospitam</strong></span> <span class='ocrx_word' id='word_1_289' title='bbox 1074 3200 1188 3247; x_wconf 86' lang='lat' dir='ltr'><strong>odoeaum</strong></span> <span class='ocrx_word' id='word_1_290' title='bbox 1200 3213 1255 3246; x_wconf 78' lang='lat' dir='ltr'><strong>coa·</strong></span> 
     </span>
     <span class='ocr_line' id='line_1_33' title="bbox 138 3262 1251 3329; baseline -0.004 -14"><span class='ocrx_word' id='word_1_291' title='bbox 138 3266 236 3317; x_wconf 81' lang='lat' dir='ltr'><strong>sedisse.</strong></span> <span class='ocrx_word' id='word_1_292' title='bbox 270 3267 369 3323; x_wconf 81' lang='lat' dir='ltr'>Verba,</span> <span class='ocrx_word' id='word_1_293' title='bbox 379 3268 420 3316; x_wconf 84' lang='lat' dir='ltr'><strong>sed</strong></span> <span class='ocrx_word' id='word_1_294' title='bbox 437 3267 553 3329; x_wconf 71' lang='lat' dir='ltr'><strong>hospitem</strong></span> <span class='ocrx_word' id='word_1_295' title='bbox 563 3267 679 3315; x_wconf 79' lang='lat' dir='ltr'><strong>advenum</strong></span> <span class='ocrx_word' id='word_1_296' title='bbox 693 3266 836 3321; x_wconf 81' lang='lat' dir='ltr'><strong>consedisse,</strong></span> <span class='ocrx_word' id='word_1_297' title='bbox 853 3267 947 3315; x_wconf 87' lang='lat' dir='ltr'><strong>desunt</strong></span> <span class='ocrx_word' id='word_1_298' title='bbox 959 3266 985 3315; x_wconf 92' lang='lat' dir='ltr'><strong>in</strong></span> <span class='ocrx_word' id='word_1_299' title='bbox 1005 3263 1066 3314; x_wconf 88' lang='lat' dir='ltr'><strong>edd.</strong></span> <span class='ocrx_word' id='word_1_300' title='bbox 1078 3262 1163 3314; x_wconf 87' lang='lat' dir='ltr'><strong>Paris.</strong></span> <span class='ocrx_word' id='word_1_301' title='bbox 1180 3266 1251 3313; x_wconf 68' lang='lat' dir='ltr'>loto</span> 
     </span>
    </p>
   </div>
   <div class='ocr_carea' id='block_1_7' title="bbox 637 3410 745 3463">
    <p class='ocr_par' dir='ltr' id='par_1_7' title="bbox 637 3410 745 3463">
     <span class='ocr_line' id='line_1_34' title="bbox 637 3410 745 3463; baseline -0.019 0"><span class='ocrx_word' id='word_1_302' title='bbox 637 3410 745 3463; x_wconf 81' lang='lat' dir='ltr'>NOTAE</span> 
     </span>
    </p>
   </div>
   <div class='ocr_carea' id='block_1_8' title="bbox 140 3503 1308 4282">
    <p class='ocr_par' dir='ltr' id='par_1_8' title="bbox 140 3503 1308 4282">
     <span class='ocr_line' id='line_1_35' title="bbox 173 3503 1308 3588; baseline -0.004 -14"><span class='ocrx_word' id='word_1_303' title='bbox 173 3526 196 3560; x_wconf 79' lang='lat'><strong>⁸&#39;</strong></span> <span class='ocrx_word' id='word_1_304' title='bbox 212 3523 286 3574; x_wconf 60' lang='lat' dir='ltr'><strong>iilis</strong></span> <span class='ocrx_word' id='word_1_305' title='bbox 304 3522 431 3587; x_wconf 73' lang='lat' dir='ltr'><strong>religiose]</strong></span> <span class='ocrx_word' id='word_1_306' title='bbox 460 3523 534 3575; x_wconf 86' lang='lat' dir='ltr'>Diem</span> <span class='ocrx_word' id='word_1_307' title='bbox 558 3524 672 3574; x_wconf 90' lang='lat' dir='ltr'>natalem</span> <span class='ocrx_word' id='word_1_308' title='bbox 720 3524 850 3575; x_wconf 83' lang='lat' dir='ltr'><strong>fundavit.</strong></span> <span class='ocrx_word' id='word_1_309' title='bbox 877 3503 1258 3588; x_wconf 68' lang='lat' dir='ltr'><strong>Inoujuareim&#39;emorism&#39;ln·</strong></span> <span class='ocrx_word' id='word_1_310' title='bbox 1306 3524 1308 3528; x_wconf 88' lang='lat'>&#39;</span> 
     </span>
     <span class='ocr_line' id='line_1_36' title="bbox 140 3596 1258 3662; baseline -0.005 -9"><span class='ocrx_word' id='word_1_311' title='bbox 140 3616 195 3653; x_wconf 88' lang='lat' dir='ltr'><strong>non</strong></span> <span class='ocrx_word' id='word_1_312' title='bbox 214 3601 344 3651; x_wconf 78' lang='lat' dir='ltr'><strong>hominnm</strong></span> <span class='ocrx_word' id='word_1_313' title='bbox 366 3604 479 3662; x_wconf 89' lang='lat' dir='ltr'>tantom‚&#39;</span> <span class='ocrx_word' id='word_1_314' title='bbox 499 3613 527 3651; x_wconf 87' lang='lat' dir='ltr'><strong>es</strong></span> <span class='ocrx_word' id='word_1_315' title='bbox 545 3603 674 3658; x_wconf 86' lang='lat' dir='ltr'>Deorum,</span> <span class='ocrx_word' id='word_1_316' title='bbox 722 3603 818 3652; x_wconf 85' lang='lat' dir='ltr'><strong>stitota</strong></span> <span class='ocrx_word' id='word_1_317' title='bbox 835 3610 895 3651; x_wconf 88' lang='lat' dir='ltr'><strong>sunt</strong></span> <span class='ocrx_word' id='word_1_318' title='bbox 911 3600 1015 3660; x_wconf 85' lang='lat' dir='ltr'><strong>Palilia,</strong></span> <span class='ocrx_word' id='word_1_319' title='bbox 1026 3601 1064 3649; x_wconf 90' lang='lat' dir='ltr'><strong>sic</strong></span> <span class='ocrx_word' id='word_1_320' title='bbox 1076 3599 1174 3648; x_wconf 82' lang='lat' dir='ltr'><strong>dictas</strong></span> <span class='ocrx_word' id='word_1_321' title='bbox 1191 3596 1258 3648; x_wconf 85' lang='lat' dir='ltr'><strong>Pala</strong></span> 
     </span>
     <span class='ocr_line' id='line_1_37' title="bbox 140 3672 1259 3741; baseline -0.007 -12"><span class='ocrx_word' id='word_1_322' title='bbox 140 3679 188 3730; x_wconf 82' lang='lat' dir='ltr'><strong>sed</strong></span> <span class='ocrx_word' id='word_1_323' title='bbox 206 3686 236 3729; x_wconf 87' lang='lat' dir='ltr'><strong>ct</strong></span> <span class='ocrx_word' id='word_1_324' title='bbox 252 3679 363 3738; x_wconf 85' lang='lat' dir='ltr'><strong>urbium,</strong></span> <span class='ocrx_word' id='word_1_325' title='bbox 378 3678 547 3741; x_wconf 86' lang='lat' dir='ltr'><strong>coloniarum,</strong></span> <span class='ocrx_word' id='word_1_326' title='bbox 563 3677 674 3741; x_wconf 81' lang='lat' dir='ltr'>imperii,</span> <span class='ocrx_word' id='word_1_327' title='bbox 723 3677 793 3739; x_wconf 85' lang='lat' dir='ltr'>Dea,</span> <span class='ocrx_word' id='word_1_328' title='bbox 815 3679 857 3727; x_wconf 89' lang='lat' dir='ltr'><strong>eui</strong></span> <span class='ocrx_word' id='word_1_329' title='bbox 879 3691 911 3726; x_wconf 89' lang='lat' dir='ltr'>eo</span> <span class='ocrx_word' id='word_1_330' title='bbox 928 3672 971 3726; x_wconf 85' lang='lat' dir='ltr'><strong>dia</strong></span> <span class='ocrx_word' id='word_1_331' title='bbox 988 3675 1061 3726; x_wconf 82' lang='lat' dir='ltr'>ferire</span> <span class='ocrx_word' id='word_1_332' title='bbox 1084 3674 1191 3738; x_wconf 82' lang='lat' dir='ltr'>flebant,</span> <span class='ocrx_word' id='word_1_333' title='bbox 1212 3686 1259 3722; x_wconf 82' lang='lat' dir='ltr'><strong>ssa</strong></span> 
     </span>
     <span class='ocr_line' id='line_1_38' title="bbox 141 3748 1258 3820; baseline -0.007 -14"><span class='ocrx_word' id='word_1_334' title='bbox 141 3755 302 3820; x_wconf 87' lang='lat' dir='ltr'><strong>adoptionis,</strong></span> <span class='ocrx_word' id='word_1_335' title='bbox 319 3753 429 3817; x_wconf 88' lang='lat' dir='ltr'><strong>reditus,</strong></span> <span class='ocrx_word' id='word_1_336' title='bbox 445 3752 629 3817; x_wconf 73' lang='lat' dir='ltr'><strong>navigationis,</strong></span> <span class='ocrx_word' id='word_1_337' title='bbox 644 3766 677 3803; x_wconf 85' lang='lat' dir='ltr'><strong>ao</strong></span> <span class='ocrx_word' id='word_1_338' title='bbox 724 3754 849 3803; x_wconf 84' lang='lat' dir='ltr'><strong>Pariliaa</strong></span> <span class='ocrx_word' id='word_1_339' title='bbox 864 3759 940 3817; x_wconf 85' lang='lat' dir='ltr'>partu</span> <span class='ocrx_word' id='word_1_340' title='bbox 958 3753 1027 3802; x_wconf 75' lang='lat' dir='ltr'><strong>ilie.</strong></span> <span class='ocrx_word' id='word_1_341' title='bbox 1045 3751 1124 3800; x_wconf 71' lang='lat' dir='ltr'><strong>Ouid.</strong></span> <span class='ocrx_word' id='word_1_342' title='bbox 1139 3748 1208 3798; x_wconf 80' lang='lat' dir='ltr'><strong>Fast.</strong></span> <span class='ocrx_word' id='word_1_343' title='bbox 1218 3760 1258 3798; x_wconf 77' lang='lat' dir='ltr'><strong>rvi</strong></span> 
     </span>
     <span class='ocr_line' id='line_1_39' title="bbox 141 3822 1259 3889; baseline -0.01 -6"><span class='ocrx_word' id='word_1_344' title='bbox 141 3833 281 3884; x_wconf 75' lang='lat' dir='ltr'><strong>vindemiae</strong></span> <span class='ocrx_word' id='word_1_345' title='bbox 293 3833 353 3883; x_wconf 89' lang='lat' dir='ltr'><strong>olim</strong></span> <span class='ocrx_word' id='word_1_346' title='bbox 372 3832 500 3883; x_wconf 87' lang='lat' dir='ltr'>celebrari</span> <span class='ocrx_word' id='word_1_347' title='bbox 516 3833 675 3889; x_wconf 69' lang='lat' dir='ltr'><strong>solimano:</strong></span> <span class='ocrx_word' id='word_1_348' title='bbox 723 3833 781 3878; x_wconf 77' lang='lat' dir='ltr'><strong>trs.</strong></span> <span class='ocrx_word' id='word_1_349' title='bbox 821 3828 976 3878; x_wconf 82' lang='lat' dir='ltr'><strong>Plutarchus</strong></span> <span class='ocrx_word' id='word_1_350' title='bbox 988 3828 1013 3877; x_wconf 91' lang='lat' dir='ltr'><strong>in</strong></span> <span class='ocrx_word' id='word_1_351' title='bbox 1026 3824 1144 3876; x_wconf 84' lang='lat' dir='ltr'><strong>Romulo.</strong></span> <span class='ocrx_word' id='word_1_352' title='bbox 1156 3822 1259 3872; x_wconf 85' lang='lat' dir='ltr'><strong>Plinius</strong></span> 
     </span>
     <span class='ocr_line' id='line_1_40' title="bbox 142 3907 864 3961; baseline -0.007 -1"><span class='ocrx_word' id='word_1_353' title='bbox 142 3910 222 3961; x_wconf 82' lang='lat' dir='ltr'><strong>variis</strong></span> <span class='ocrx_word' id='word_1_354' title='bbox 242 3917 358 3959; x_wconf 79' lang='lat' dir='ltr'>aeterum</span> <span class='ocrx_word' id='word_1_355' title='bbox 370 3909 434 3959; x_wconf 90' lang='lat' dir='ltr'><strong>locis</strong></span> <span class='ocrx_word' id='word_1_356' title='bbox 446 3915 520 3958; x_wconf 88' lang='lat' dir='ltr'>notat</span> <span class='ocrx_word' id='word_1_357' title='bbox 532 3907 676 3958; x_wconf 83' lang='lat' dir='ltr'><strong>Lindebro·</strong></span> <span class='ocrx_word' id='word_1_358' title='bbox 725 3916 813 3955; x_wconf 84' lang='lat' dir='ltr'>xvrrr.</span> <span class='ocrx_word' id='word_1_359' title='bbox 822 3909 864 3955; x_wconf 77' lang='lat' dir='ltr'><strong>oo.</strong></span> 
     </span>
     <span class='ocr_line' id='line_1_41' title="bbox 143 3975 1260 4051; baseline -0.013 -14"><span class='ocrx_word' id='word_1_360' title='bbox 143 3989 202 4051; x_wconf 71' lang='lat' dir='ltr'><strong>pius</strong></span> <span class='ocrx_word' id='word_1_361' title='bbox 220 3987 247 4036; x_wconf 84' lang='lat' dir='ltr'><strong>iu</strong></span> <span class='ocrx_word' id='word_1_362' title='bbox 265 3987 403 4038; x_wconf 85' lang='lat' dir='ltr'><strong>consorini</strong></span> <span class='ocrx_word' id='word_1_363' title='bbox 420 3986 515 4036; x_wconf 82' lang='lat' dir='ltr'><strong>librum</strong></span> <span class='ocrx_word' id='word_1_364' title='bbox 533 3985 567 4034; x_wconf 86' lang='lat' dir='ltr'><strong>da</strong></span> <span class='ocrx_word' id='word_1_365' title='bbox 578 3984 621 4034; x_wconf 87' lang='lat' dir='ltr'><strong>dio</strong></span> <span class='ocrx_word' id='word_1_366' title='bbox 632 3992 676 4034; x_wconf 83' lang='lat' dir='ltr'><strong>na·</strong></span> <span class='ocrx_word' id='word_1_367' title='bbox 758 3981 770 4016; x_wconf 64' lang='lat' dir='ltr'>b</span> <span class='ocrx_word' id='word_1_368' title='bbox 788 3983 880 4044; x_wconf 72' lang='lat' dir='ltr'>Regem</span> <span class='ocrx_word' id='word_1_369' title='bbox 890 3978 1018 4042; x_wconf 73' lang='lat' dir='ltr'><strong>moenum]</strong></span> <span class='ocrx_word' id='word_1_370' title='bbox 1030 3975 1260 4028; x_wconf 81' lang='lat' dir='ltr'><strong>EvandmmMor·</strong></span> 
     </span>
     <span class='ocr_line' id='line_1_42' title="bbox 143 4051 1260 4125; baseline -0.01 -12"><span class='ocrx_word' id='word_1_371' title='bbox 143 4064 202 4113; x_wconf 86' lang='lat' dir='ltr'><strong>tali.</strong></span> <span class='ocrx_word' id='word_1_372' title='bbox 226 4063 353 4113; x_wconf 43' lang='lat' dir='ltr'><strong>,Maxima</strong></span> <span class='ocrx_word' id='word_1_373' title='bbox 372 4070 457 4113; x_wconf 85' lang='lat' dir='ltr'>autern</span> <span class='ocrx_word' id='word_1_374' title='bbox 475 4075 533 4112; x_wconf 87' lang='lat' dir='ltr'><strong>cum</strong></span> <span class='ocrx_word' id='word_1_375' title='bbox 551 4061 678 4125; x_wconf 79' lang='lat' dir='ltr'><strong>religiono</strong></span> <span class='ocrx_word' id='word_1_376' title='bbox 725 4059 791 4109; x_wconf 78' lang='lat' dir='ltr'>erarii</span> <span class='ocrx_word' id='word_1_377' title='bbox 816 4068 843 4108; x_wconf 85' lang='lat' dir='ltr'><strong>et</strong></span> <span class='ocrx_word' id='word_1_378' title='bbox 864 4057 1012 4108; x_wconf 84' lang='lat' dir='ltr'><strong>Camrentis</strong></span> <span class='ocrx_word' id='word_1_379' title='bbox 1025 4053 1119 4107; x_wconf 77' lang='lat' dir='ltr'><strong>tilium.</strong></span> <span class='ocrx_word' id='word_1_380' title='bbox 1136 4051 1260 4102; x_wconf 71' lang='lat' dir='ltr'><strong>Arcadio</strong></span> 
     </span>
     <span class='ocr_line' id='line_1_43' title="bbox 143 4127 1262 4200; baseline -0.01 -12"><span class='ocrx_word' id='word_1_381' title='bbox 143 4141 201 4191; x_wconf 86' lang='lat' dir='ltr'><strong>dies</strong></span> <span class='ocrx_word' id='word_1_382' title='bbox 223 4140 294 4190; x_wconf 86' lang='lat' dir='ltr'><strong>urbis</strong></span> <span class='ocrx_word' id='word_1_383' title='bbox 316 4141 410 4192; x_wconf 84' lang='lat' dir='ltr'><strong>natalis</strong></span> <span class='ocrx_word' id='word_1_384' title='bbox 435 4140 618 4191; x_wconf 76' lang='lat' dir='ltr'>celebrabatur</span> <span class='ocrx_word' id='word_1_385' title='bbox 638 4152 679 4189; x_wconf 78' lang='grc' dir='ltr'><strong>ιι.</strong></span> <span class='ocrx_word' id='word_1_386' title='bbox 726 4150 825 4198; x_wconf 78' lang='lat' dir='ltr'>rogem,</span> <span class='ocrx_word' id='word_1_387' title='bbox 836 4136 880 4200; x_wconf 86' lang='lat' dir='ltr'><strong>qni</strong></span> <span class='ocrx_word' id='word_1_388' title='bbox 893 4149 952 4184; x_wconf 90' lang='lat' dir='ltr'><strong>cum</strong></span> <span class='ocrx_word' id='word_1_389' title='bbox 964 4138 1065 4195; x_wconf 87' lang='lat' dir='ltr'>patrem</span> <span class='ocrx_word' id='word_1_390' title='bbox 1076 4128 1144 4178; x_wconf 85' lang='lat' dir='ltr'>for-ta</span> <span class='ocrx_word' id='word_1_391' title='bbox 1154 4127 1262 4178; x_wconf 75' lang='lat' dir='ltr'><strong>interis·</strong></span> 
     </span>
     <span class='ocr_line' id='line_1_44' title="bbox 144 4204 1262 4282; baseline -0.01 -16"><span class='ocrx_word' id='word_1_392' title='bbox 144 4217 207 4268; x_wconf 76' lang='lat' dir='ltr'><strong>Kai.</strong></span> <span class='ocrx_word' id='word_1_393' title='bbox 228 4217 301 4274; x_wconf 87' lang='lat' dir='ltr'><strong>Maii,</strong></span> <span class='ocrx_word' id='word_1_394' title='bbox 320 4230 369 4282; x_wconf 89' lang='lat' dir='ltr'><strong>qno</strong></span> <span class='ocrx_word' id='word_1_395' title='bbox 388 4217 431 4267; x_wconf 90' lang='lat' dir='ltr'><strong>die</strong></span> <span class='ocrx_word' id='word_1_396' title='bbox 451 4216 573 4266; x_wconf 87' lang='lat' dir='ltr'><strong>Romulus</strong></span> <span class='ocrx_word' id='word_1_397' title='bbox 588 4215 680 4266; x_wconf 88' lang='lat' dir='ltr'>urbem</span> <span class='ocrx_word' id='word_1_398' title='bbox 725 4214 816 4276; x_wconf 82' lang='lat' dir='ltr'><strong>sisset,</strong></span> <span class='ocrx_word' id='word_1_399' title='bbox 835 4214 907 4262; x_wconf 89' lang='lat' dir='ltr'>avito</span> <span class='ocrx_word' id='word_1_400' title='bbox 926 4223 1005 4274; x_wconf 75' lang='lat' dir='ltr'>regno</span> <span class='ocrx_word' id='word_1_401' title='bbox 1023 4206 1123 4272; x_wconf 84' lang='lat' dir='ltr'><strong>pulsus,</strong></span> <span class='ocrx_word' id='word_1_402' title='bbox 1135 4204 1262 4255; x_wconf 81' lang='lat' dir='ltr'><strong>stradento</strong></span> 
     </span>
    </p>
   </div>
   <div class='ocr_carea' id='block_1_9' title="bbox 212 4286 1185 4363">
    <p class='ocr_par' dir='ltr' id='par_1_9' title="bbox 212 4286 1185 4363">
     <span class='ocr_line' id='line_1_45' title="bbox 212 4286 1185 4363; baseline -0.014 -15"><span class='ocrx_word' id='word_1_403' title='bbox 212 4297 300 4363; x_wconf 81' lang='lat' dir='ltr'><strong>Daipls.</strong></span> <span class='ocrx_word' id='word_1_404' title='bbox 312 4304 334 4348; x_wconf 88' lang='lat' dir='ltr'><strong>et</strong></span> <span class='ocrx_word' id='word_1_405' title='bbox 353 4297 409 4348; x_wconf 85' lang='lat' dir='ltr'><strong>Vor.</strong></span> <span class='ocrx_word' id='word_1_406' title='bbox 423 4299 488 4349; x_wconf 85' lang='lat' dir='ltr'><strong>Cios.</strong></span> <span class='ocrx_word' id='word_1_407' title='bbox 627 4294 721 4359; x_wconf 76' lang='lat' dir='ltr'><strong>Poneg.</strong></span> <span class='ocrx_word' id='word_1_408' title='bbox 737 4294 791 4345; x_wconf 86' lang='lat' dir='ltr'>Vet.</span> <span class='ocrx_word' id='word_1_409' title='bbox 1124 4289 1140 4336; x_wconf 80' lang='lat' dir='ltr'>t</span> <span class='ocrx_word' id='word_1_410' title='bbox 1158 4286 1185 4334; x_wconf 89' lang='lat' dir='ltr'>D</span> 
     </span>
    </p>
   </div>
   <div class='ocr_carea' id='block_1_10' title="bbox 0 0 1380 4726">
    <p class='ocr_par' dir='ltr' id='par_1_10' title="bbox 0 0 1380 4726">
     <span class='ocr_line' id='line_1_46' title="bbox 0 0 1380 4726; baseline 0 0"><span class='ocrx_word' id='word_1_411' title='bbox 0 0 1380 4726; x_wconf 95' lang='lat' dir='ltr'><strong> </strong></span> 
     </span>
    </p>
   </div>
  </div>
 </body>
</html>
