2730 4726
207 313 295 380 lesa
608 326 742 378 usurus
766 329 906 379 raosnr
985 300 988 307 ’

206 476 368 542 eruisset:
391 471 473 537 illud
489 470 603 555 purius
619 472 1075 559 splendidiusque'oredebat,
1091 479 1183 563 quod
1199 480 1304 546 dedis·

208 587 282 648 sent
303 578 466 653 dolentes,
480 574 571 660 quod
593 575 762 640 bominum
779 578 949 662 laerymae,
965 599 1030 643 non
1045 583 1195 646 amnium
1210 604 1304 667 aquae

207 684 405 759 abluissent,
414 698 476 744 neo
489 698 508 742 e
519 677 654 743 terrenis
667 682 837 764 specubus
848 688 1010 766 egestum,
1019 684 1079 748 sed
1090 687 1305 752 ecmvicibus

201 786 399 874 jugulisque
419 801 584 849 caesorum
607 788 697 847 esset
717 782 890 848 effossum.
933 786 967 850 3.
990 785 1048 851 Sic
1071 781 1149 851 aum
1170 788 1306 854 immitis

206 887 335 974 tyranni
359 891 394 950 et
411 879 535 968 stylus¹
554 884 723 949 timeretur
741 892 776 950 et
797 880 951 969 gladius3
978 889 1156 954 transierat
1173 891 1210 954 iu
1229 898 1307 956 vota

206 995 398 1077 paupertas,
414 994 459 1065 et,
471 993 509 1051 ut
524 1006 702 1070 possemus
722 987 867 1072 effugere
881 990 1085 1070 carnificem,
1100 993 1305 1075 optabamus

207 1095 321 1159 subire
335 1097 531 1157 sectorem.¹¹²
573 1091 609 1154 4.
631 1089 734 1169 Quod
749 1092 778 1156 si
794 1094 848 1158 cui
868 1092 929 1157 ille·
946 1113 1008 1177 pro
1028 1096 1153 1159 ceteris
1174 1097 1306 1162 sceleri·

206 1197 272 1260 bus
288 1195 358 1260 suis
373 1193 482 1257 miuus
498 1191 641 1261 erudelis
653 1191 759 1257 fuisse
773 1193 914 1274 videns,
926 1203 1074 1261 vestrum
1090 1198 1135 1276 is,
1149 1207 1305 1276 vestrum,

207 1298 310 1374 Balio
337 1295 576 1381 triumphalis,n
598 1302 631 1361 et
660 1296 810 1360 trabeate
833 1296 1090 1378 Merobaudes,o
1114 1300 1307 1366 recordetur

665 1479 696 1498 Ν
697 1479 845 1500 OOOOOOO

207 1589 321 1651 Guelpb.
338 1589 364 1638 G
397 1587 573 1645 unanimo·
588 1587 651 1636 Vet-
662 1588 773 1637 l’urean.
784 1596 812 1638 et
829 1588 895 1638 Exe-
906 1589 1050 1640 Sebanbov.
1070 1591 1192 1644 cinaeus
1202 1597 1308 1647 enissd.

207 1657 320 1719 Guelpb.
328 1654 357 1703 itt
398 1652 501 1716 spuria.
516 1652 581 1701 Vae.
593 1654 655 1716 quad
672 1653 791 1703 dedissent
801 1656 906 1704 dabates
917 1657 1010 1705 derunt
1022 1656 1046 1704 in
1058 1657 1119 1705 aad.
1130 1658 1228 1711 Sobeff.
1258 1664 1306 1713 Pro

205 1721 326 1771 basium
343 1720 463 1782 hemma,
473 1718 533 1766 Vet.
545 1718 656 1768 Puteuu.
669 1719 746 1768 babet
764 1721 868 1768 omniurn
878 1722 996 1785 bayma-
1011 1718 1113 1770 Aeidsl.
1126 1725 1196 1788 conj.
1207 1728 1307 1777 annun

204 1789 328 1852 aquaem
345 1785 493 1851 Prostytus,
504 1783 572 1832 idem
591 1781 693 1833 Aridsl.
711 1784 779 1847 conj.
789 1785 923 1848 fiscus—d
941 1786 1047 1842 Quodsi
1064 1787 1104 1836 itte
1115 1792 1143 1836 tu
1153 1790 1194 1839 eui
1205 1797 1306 1842 esurum

204 1867 249 1916 pra
259 1850 344 1901 ceteris
353 1866 374 1899 s.
384 1864 403 1897 s.
416 1863 447 1899 ra.
458 1849 559 1898 nudetis
564 1847 589 1908 f.
598 1848 727 1900 sidentur?
742 1850 764 1898 is
779 1849 865 1913 Vallia,
876 1853 918 1914 ipa.
943 1851 1003 1899 Vel.
1015 1851 1129 1900 Putean.
1148 1855 1222 1910 Quod
1234 1857 1257 1905 si
1271 1858 1306 1907 itte

204 1917 246 1967 esi
256 1922 359 1966 amram
372 1929 417 1979 pru
427 1915 512 1964 asteris
524 1928 575 1963 ss.
586 1929 617 1962 nr.
628 1916 731 1964 erudelis
739 1914 765 1972 s.
776 1916 869 1966 ridetur
891 1938 895 1955 ι
965 1916 988 1964 is
1097 1917 1241 1983 Vettius-e.
1256 1923 1305 1971 Vs·

206 1983 287 2033 tiesu.
299 1981 368 2038 Quod
377 1980 401 2029 si
409 1979 448 2028 aui
458 1979 499 2028 itte
506 1995 559 2054 pre
569 1979 691 2029 anteriso·
701 1994 721 2029 s.
732 1996 764 2028 m.
778 1980 879 2030 nudetis
891 1978 916 2041 s.
935 1977 1042 2038 ridetur,
1051 1996 1076 2029 s.
1085 1981 1117 2045 is,
1135 2000 1159 2032 s.
1177 1985 1306 2052 Batinus·

206 2047 273 2111 legit
286 2047 421 2096 Puteanus
430 2059 438 2105 ς
457 2045 526 2100 Quod
536 2044 559 2092 si
569 2043 610 2092 ilie
619 2044 711 2108 suipra
721 2061 742 2093 a.
753 2060 774 2094 s.
784 2060 806 2094 s·
815 2060 848 2093 nr.
857 2044 987 2105 crudelius.
996 2045 1101 2107 uidetur,
1111 2064 1134 2096 a.
1146 2049 1178 2105 is,
1186 2066 1210 2099 u.
1225 2052 1306 2113 Vallia,

205 2115 248 2176 te.
259 2111 328 2176 aoaj.
340 2109 441 2162 Aoldsl.
451 2111 555 2173 uidetur,
566 2111 588 2157 is
598 2114 704 2159 sensura
718 2109 821 2160 Vadist.
829 2115 853 2159 et
861 2109 964 2160 trabeati
975 2111 1129 2161 Merobaudis
1139 2114 1206 2165 exc.
1214 2116 1306 2168 Sabou·

204 2179 267 2228 bor.
280 2177 373 2226 mudele
384 2174 446 2225 edd.
458 2182 523 2224 vett.
558 2174 626 2229 Quod
637 2174 708 2224 siilte
718 2175 871 2224 auiaertruar
885 2188 929 2238 pra
939 2190 960 2223 s.
970 2191 991 2225 a.
1002 2191 1023 2225 s.
1033 2191 1066 2224 na.
1076 2179 1265 2237 erudelissuisse
1274 2183 1306 2232 ai·

205 2245 285 2306 detur,
293 2241 315 2291 is
324 2241 384 2291 antii
395 2246 414 2290 t.
426 2245 451 2290 et
462 2239 564 2289 trabeati
576 2239 729 2289 Merobaudis
739 2240 798 2290 cod.
806 2240 976 2290 Selrnsrziau.
992 2244 1016 2289 et
1031 2243 1135 2292 trabeati
1154 2245 1305 2297 Merobaudis

206 2308 357 2358 viennense
378 2305 459 2354 etism
478 2305 611 2366 exemplar
625 2304 720 2367 aliique
743 2305 819 2355 codd.
837 2319 880 2367 ap.
903 2305 982 2354 Grnt.
1025 2304 1092 2354 Aliae
1115 2308 1179 2358 edd.
1201 2311 1304 2372 habeut,

205 2379 319 2432 nestrum,
329 2371 351 2420 si
361 2376 464 2420 antrum
478 2370 555 2420 Vallia
566 2375 585 2417 t.
603 2374 626 2418 et
641 2369 743 2418 trabeati
754 2370 918 2425 memorandis,
930 2372 971 2432 trs.
983 2371 1034 2425 vel.
1045 2378 1160 2432 aearum,
1171 2375 1194 2422 si
1206 2383 1304 2427 eertum

211 2438 290 2489 Vallia
309 2442 330 2486 t.
348 2440 372 2485 et
389 2436 495 2485 trabeate
514 2434 677 2499 Merobaudis,
694 2437 735 2498 isa.
761 2435 873 2499 Guelpb.
893 2435 1001 2499 praefert
1024 2436 1101 2489 Vatia.
1135 2440 1222 2490 Parrlo
1242 2453 1303 2508 post,

703 2593 811 2645 NOTAE

205 2693 324 2743 ‘lbrariae
342 2691 374 2742 sd
395 2692 514 2742 Haemum
532 2698 646 2742 montem
667 2693 736 2744 ineo·
776 2694 993 2744 buseverterent.
1026 2691 1304 2745 ItaeeusetAseouius

206 2771 301 2828 lentes,
311 2785 375 2835 quos
391 2769 526 2820 scrutandi
542 2784 589 2833 per
605 2770 736 2819 anniculos
776 2778 803 2819 et
816 2780 875 2834 post
888 2787 945 2820 enm
960 2771 1143 2835 jurisconsulti
1162 2785 1240 2833 paene
1257 2784 1304 2818 am·

206 2848 262 2898 suari
285 2847 454 2911 peritissimos
475 2846 593 2896 referunt
610 2847 736 2909 vegetius
776 2862 832 2896 nes.
865 2849 949 2910 Stupro
961 2863 1022 2896 vera
1033 2847 1132 2896 urentia
1144 2855 1186 2896 est
1199 2849 1207 2875 ‘
1218 2859 1305 2911 puera-

206 2940 251 2976 ιιι.
263 2930 302 2977 11.
313 2934 341 2975 et
352 2924 508 2975 Claudianus
526 2923 559 2972 de
578 2923 655 2972 Cous.
668 2924 735 2971 Mal·
776 2940 831 2974 rnnr
844 2924 891 2972 sub
903 2933 1004 2973 sectore
1016 2922 1178 2971 ludentium!

205 3002 284 3052 liius.
295 3005 336 3053 39.
354 2999 500 3065 ‘Quicquid
512 2998 596 3049 fluviis
607 3002 736 3050 evolvitur
808 3009 820 3034 ¹²
839 3002 911 3050 Batia
928 3001 1034 3065 [Vallia]
1051 2999 1218 3063 triumphalis]
1239 2999 1305 3050 Bolia

206 3079 279 3128 suri:
298 3076 499 3142 Quicquidluoe
510 3077 601 3139 procul
614 3092 691 3125 venas
703 3078 736 3127 ri·
776 3090 824 3138 pro
850 3077 923 3127 Vallia
951 3084 1079 3141 reponunt
1101 3076 1257 3137 Balduinus,
1280 3082 1304 3124 et

203 3165 276 3206 mata
287 3169 409 3221 requseer
422 3154 522 3204 Abdita
536 3154 657 3217 pallentis
668 3153 736 3205 t'odit
776 3152 911 3203 Puteanus
929 3168 962 3201 ex
982 3151 1112 3202 Ambrosii
1134 3152 1184 3214 Ep.
1205 3156 1247 3202 27.
1265 3149 1303 3200 ubi

206 3232 314 3281 solertia
325 3229 418 3281 Bersi.'
776 3230 850 3278 Balio
861 3230 972 3289 bellator
984 3228 1113 3291 egregins,
1124 3242 1183 3277 oum
1197 3243 1213 3276 a
1225 3226 1304 3277 Mssi-

238 3304 251 3338 ¹¹
264 3306 396 3370 Callaicus]
412 3307 734 3372 Populusllispauiaeeam
775 3320 816 3354 rua
826 3305 936 3355 interfici
943 3306 1033 3370 jussus
1045 3314 1124 3361 esset,
1133 3304 1182 3352 sibi
1193 3304 1244 3367 ipsi
1257 3318 1313 3369 urs·¹

204 3383 334 3446 regionem
346 3384 542 3449 insolensque
559 3399 627 3434 nnuc
639 3385 734 3435 Galla·
774 3396 821 3429 nlla
835 3383 950 3432 attulisse
967 3382 1073 3430 dicitur.
1104 3381 1173 3430 Sunt
1191 3382 1236 3446 qui
1248 3380 1304 3430 Vul-

206 3462 245 3511 oia
256 3457 361 3510 dieitur.
379 3461 430 3511 Ubi
440 3475 558 3524 maguam
569 3463 623 3510 auri
633 3462 734 3526 copiam
773 3459 866 3508 lioneur
876 3461 951 3516 burne,
961 3458 1158 3508 sirellalionem
1167 3471 1223 3506 non
1232 3458 1303 3506 sliam

204 3535 285 3587 t'uisre
298 3535 377 3585 tradit
388 3536 489 3585 Plinius
500 3549 547 3587 xv.
557 3540 582 3585 4.
774 3535 855 3586 fuisse
875 3543 969 3600 putant
987 3550 1003 3584 a
1020 3534 1170 3590 Saturnino,
1188 3536 1234 3598 quui
1255 3540 1303 3582 tum

237 3611 245 3647 ¹
263 3615 297 3663 Et
306 3611 394 3678 stylus]
411 3611 443 3660 Id
457 3620 506 3675 est,
521 3613 733 3676 proscriptiones.
773 3622 831 3663 erat
855 3629 914 3662 cunr
939 3611 1102 3663 Merobaude
1125 3614 1228 3672 consul,
1250 3624 1303 3659 cum

206 3690 323 3739 Verbum
345 3688 412 3753 juris
433 3693 490 3737 est:
512 3689 550 3737 sie
571 3690 668 3740 Tullius
688 3706 733 3755 pro
774 3690 915 3741 Gratianus
939 3687 1098 3751 ,interfectus
1127 3695 1177 3740 est.
1214 3691 1305 3738 Errant

206 3767 326 3816 Cluentio
347 3766 461 3830 ‘stylum
480 3766 637 3832 censorium,
655 3769 745 3832 gladb-
775 3777 872 3830 autern,
889 3767 933 3832 qui
951 3781 998 3828 pro
1015 3766 1137 3814 Bantane
1156 3767 1264 3816 consule
1278 3765 1306 3814 il·

205 3858 300 3907 nmque
312 3840 490 3892 dictatorium’
503 3843 627 3904 appellat.
775 3845 829 3893 lnru
840 3842 980 3906 accipiunt.
1013 3841 1062 3890 llis
1075 3842 1145 3890 enim
1162 3850 1256 3905 aperte
1267 3856 1303 3891 re·

237 3925 256 3951 ¹¹¹
267 3918 354 3968 Subire
365 3917 488 3981 aestuem]
504 3918 614 3967 Budaeus
624 3934 734 3985 eospro·
775 3919 890 3983 fungatur
907 3919 1073 3968 Ambrosius:
1093 3933 1153 3967 euru
1173 3919 1249 3969 addit
1264 3933 1303 3968 eod

206 3996 345 4060 priedioit
361 3993 508 4044 ‘rectores'
525 3997 735 4061 appellatos,qui
776 3997 834 4046 dem
861 3999 919 4047 loco
945 3997 1089 4045 Maximum
1117 3996 1151 4045 de
1178 3997 1303 4052 Bantoae,

206 4073 379 4123 delationibus
396 4072 522 4123 faciendis
537 4072 735 4125 confiscationes
776 4072 850 4138 quasi
871 4072 906 4121 de
928 4072 1011 4122 altero
1031 4071 1139 4121 Bellone
1161 4071 1303 4122 decernere

207 4150 393 4214 apriueipibus
410 4151 592 4213 impetrabunt,
608 4159 636 4201 ut
653 4152 735 4201 hami·
773 4150 895 4202 voluisse.

134 4227 135 4230 ’
205 4231 253 4278 nes
264 4225 394 4278 interdum
406 4225 520 4277 iurantes
531 4226 641 4279 fortunis
653 4229 734 4279 omui·
807 4235 820 4262 ⁰
836 4223 1127 4289 TrabeateMersbaudes]
1144 4223 1177 4274 ld
1192 4232 1236 4277 est
1252 4231 1302 4276 tam
