2730 4726
126 327 214 394 1222
406 343 627 392 ninnn'rmt
653 343 951 394 cnnsnunmoos

128 490 325 555 salubritate
352 495 549 572 temporum,
571 495 605 552 et
625 489 798 554 fertilitate
822 496 994 555 terrarum.
1037 490 1069 556 3.
1093 491 1231 559 Revera

128 592 229 670 enim,
245 592 463 656 sacratissimi
485 592 718 674 Imperatores,
736 593 861 656 scimus
877 613 1006 672 omnes,
1022 600 1111 672 ante,
1127 615 1230 678 quam

127 715 190 760 vos
206 697 349 760 salntem
367 694 562 778 reipublicae
580 693 803 774 reddideritis
815 704 945 780 quanta
959 695 1086 778 frugum
1101 696 1233 781 inopie,

128 804 256 882 quanta
279 797 430 861 funerum
455 799 554 880 copia
574 797 650 874 fuit,
666 797 754 862 fam'e
772 799 900 881 passim
921 798 1116 882 morbisque
1139 819 1233 882 gras·

127 901 292 973 sentibus.
336 900 384 965 Ut
404 920 482 964 vero
502 901 611 965 lucem
628 902 784 983 gentibus
800 902 984 980 extulistis,
1001 902 1124 966 exinde
1139 905 1233 969 salu·

34 1079 36 1087 .
128 1008 217 1066 teres
239 1002 377 1085 spiritus
387 1002 511 1086 jugiter
524 1009 668 1068 manant.
714 1005 745 1070 4.
768 1003 895 1069 Nullus
910 1025 987 1087 ager
1001 1005 1088 1069 fallit
1103 1006 1234 1087 agrico-

127 1104 205 1181 lam,
222 1105 287 1169 nisi
307 1105 397 1189 quod
418 1124 513 1189 spem
532 1107 684 1170 ubertate
701 1114 858 1188 superat.
894 1105 1080 1172 Hominum
1097 1113 1234 1186 aetates,

128 1213 162 1269 et
176 1216 352 1272 nnmerns⁵
367 1218 514 1290 angetur.
552 1212 585 1275 5.
603 1209 780 1292 Rumpunt
794 1210 913 1275 horrea
928 1210 1073 1275 conditae
1087 1229 1233 1287 messes,

127 1316 161 1370 et
181 1315 292 1373 tamen
312 1313 442 1376 cultura
463 1312 665 1394 duplicatur.
711 1310 779 1374 Ubi
800 1312 907 1394 sylvae
922 1312 1027 1390 foere,
1037 1311 1111 1396 jam
1133 1329 1234 1393 seges

127 1420 199 1476 est:
223 1414 392 1491 metendo,
407 1420 439 1478 ct
454 1414 691 1479 vindemiando
707 1414 893 1478 deficimus.

172 1513 262 1578 Gse.
284 1532 366 1582 xvt.
400 1519 432 1580 1.
456 1517 544 1582 Illud
560 1537 651 1596 vero,
665 1537 732 1582 non
746 1521 940 1601 suggeratur
952 1515 1041 1591 licet,
1056 1512 1233 1600 quomodo
1252 1595 1257 1607 ι

127 1615 250 1694 dicam,
266 1624 342 1684 ente
363 1640 462 1702 quam
485 1621 654 1684 desinaml
677 1625 802 1686 tantam
823 1639 900 1684 esse
913 1617 1047 1702 imperii
1063 1618 1167 1682 vestri
1183 1618 1232 1682 sc-

126 1716 300 1798 licitatem,
321 1728 359 1784 ut
381 1722 528 1806 undique
553 1743 590 1786 se
612 1724 763 1788 barbarae
787 1721 943 1786 nationes
963 1721 1113 1786 vicissim
1136 1719 1234 1785 lace·

127 1828 249 1886 tentet
265 1823 446 1904 excidant;
469 1825 606 1888 alternis
622 1825 896 1889 dimicationibus
913 1830 946 1888 et
967 1823 1099 1887 insidiis
1114 1821 1233 1887 clades

128 1940 211 1987 suas
232 1924 415 2008 duplicent,
430 1937 464 1989 ct
486 1928 690 2006 instaurent3
713 1926 922 1991 Sarmaticas
945 1933 1086 2001 vestras,
1100 1931 1135 1988 et
1151 1922 1233 1988 Rae·

127 2026 225 2104 tices,
240 2035 275 2091 et
293 2029 567 2094 'l'ransrbeoanas
587 2029 824 2112 expeditiones
838 2029 950 2092 furore
967 2029 1108 2113 percitae
1125 2027 1162 2090 in
1178 2046 1232 2091 se-

126 2137 194 2192 met
216 2129 387 2195 imitentur.
430 2133 462 2196 2.
486 2133 610 2197 Sancte
632 2131 778 2213 Jupiter,
793 2138 828 2194 et
851 2129 1019 2194 Hercules
1041 2129 1141 2205 bone,
1157 2133 1232 2193 tan·

128 2231 202 2293 dem
224 2232 314 2295 bella
338 2235 450 2297 civilia
474 2235 516 2298 ad
539 2241 661 2314 gentes,
677 2234 737 2297 illa
753 2233 915 2297 vesania³
938 2232 1068 2314 dignas,
1085 2237 1232 2296 transtu-

127 2333 228 2411 listis,
239 2353 438 2418 omnemque
456 2337 547 2400 illam
558 2336 685 2400 rabiem
699 2343 796 2400 extra
812 2336 970 2402 terminos
987 2334 1087 2417 hujus
1097 2334 1232 2416 imperii

588 2502 618 2523 Η
619 2502 767 2523 0000000000

128 2591 257 2642 Schwnrz.
269 2598 296 2640 et
307 2593 324 2643 J
327 2608 404 2655 aeger.
416 2601 443 2643 et
459 2595 497 2644 sic
513 2597 579 2659 conj.
593 2597 727 2645 Lirim-3
746 2596 847 2649 Rceern,
859 2589 1017 2641 recentissime
1028 2589 1156 2652 imperator
1167 2591 1232 2640 Ber·

129 2660 175 2704 tin.
185 2659 291 2720 Cuspio.
303 2666 331 2707 et
342 2659 401 2707 edd.
412 2666 470 2709 ante
482 2661 611 2710 Schuetz.
640 2663 731 2711 Rcreen
742 2661 813 2721 enim,
823 2655 980 2707 secretissimi
989 2657 1144 2718 imperotores
1153 2655 1233 2707 codd.

129 2722 425 2786 Schwarzian.(}uelpb.
451 2726 513 2775 caint
525 2726 722 2776 abesthossii
736 2724 877 2784 excerptis.
904 2721 1034 2770 redderetis
1045 2720 1231 2770 Exc.Voss.et

128 2803 216 2842 omnes
227 2788 286 2838 edd.
299 2796 359 2839 ante
371 2791 448 2840 Grot.
473 2792 645 2854 qnoefenerem
658 2793 724 2855 copie
741 2789 853 2851 Guelpb.
880 2785 1031 2849 cepinfeerit
1042 2801 1055 2832 e
1070 2785 1137 2849 conj.
1149 2786 1232 2836 edidit

128 2854 254 2903 sntnarz.
267 2869 376 2919 eumque
388 2864 492 2906 secutus
509 2866 550 2906 est
560 2858 578 2908 J
581 2862 707 2921 egen—t
725 2856 819 2915 ‘Sunt,
832 2853 874 2917 qni
890 2851 1021 2900 solicitent
1033 2864 1124 2900 nomen
1136 2857 1231 2919 etates.

128 2919 269 2970 Rhenanus
281 2928 365 2983 potat,
377 2918 464 2970 forsan
475 2923 622 2984 legendnm,
631 2928 691 2971 <etus
701 2927 724 2971 et
735 2935 781 2970 res.
812 2918 863 2968 Sed
877 2915 909 2965 de
922 2923 1061 2979 augmento
1073 2929 1159 2964 rernm
1172 2928 1231 2965 mox

127 2985 184 3046 ugit
193 2985 373 3040 Mamertinus,
385 2986 467 3048 quide
480 2987 606 3037 industria
617 3002 723 3036 numero
734 2983 1016 3043 nntltitodinis,oetntes,
1026 2995 1085 3030 usus
1093 2995 1149 3030 esse
1160 2981 1232 3031 vide·

128 3056 181 3107 tur,
199 3056 226 3096 ut
246 3048 414 3112 signiticaret,
432 3051 520 3099 ltorutn
541 3054 725 3115 imperatorum
744 3065 799 3099 aevo
817 3051 904 3113 plnres
919 3046 1045 3106 homines,
1063 3052 1091 3094 et
1105 3060 1191 3100 senes,
1204 3053 1233 3096 et
1278 3058 1279 3064 ’

128 3121 245 3174 vegetos,
257 3123 283 3162 et
296 3115 482 3171 adolescentes,
495 3117 591 3164 vivere.
625 3118 678 3165 Pro
690 3121 817 3177 nugentur,
830 3113 998 3177 qnidutnlibri
1008 3111 1104 3160 babent
1113 3110 1233 3172 augetur!

127 3175 255 3229 sennan.
284 3179 353 3228 Vide
377 3180 451 3228 Nott.
472 3180 545 3229 l'arr.
573 3181 635 3231 Sine
652 3181 727 3230 codd.
746 3181 843 3243 prittnn
862 3182 981 3239 negentur
998 3175 1114 3241 reposuit
1134 3178 1233 3226 Cellae.

129 3258 240 3303 eumque
252 3246 334 3293 secuti
348 3253 407 3293 sont
419 3245 547 3295 Schwarc.
558 3255 585 3296 et
595 3244 742 3310 legen-5
762 3246 830 3296 Edd.
843 3252 909 3292 vett.
919 3241 1033 3304 Guelph.
1043 3248 1070 3290 et
1080 3241 1145 3292 Erre.
1154 3243 1232 3292 Voss.

129 3307 272 3369 defecimus,
285 3310 347 3358 Vet·
358 3311 470 3360 Putean.
482 3321 509 3360 et
519 3312 590 3362 Gud·
600 3317 687 3362 zeum
701 3312 761 3362 edd.
772 3311 898 3360 Schwarz.
911 3316 936 3356 et
948 3307 1046 3369 Juger.
1090 3373 1093 3376 ὓ
1150 3364 1153 3368 Α

162 3374 228 3422 Cae.
242 3387 301 3431 xtt.
320 3379 332 3423 1
344 3375 439 3424 Sehed.
451 3377 551 3439 Lange,
562 3378 616 3425 licet
628 3393 675 3426 non
685 3381 840 3438 suggeretur,
847 3374 933 3435 dicem,
940 3372 1033 3420 omissa
1044 3385 1100 3421 voc.
1109 3372 1233 3432 quomedo.

129 3437 208 3486 Grnt.
222 3439 334 3502 scripsit,
348 3455 395 3488 non
406 3457 426 3490 s.
438 3441 502 3496 licet,
516 3453 606 3504 quoquo
618 3445 684 3491 mode
695 3445 781 3499 dicant,
799 3445 923 3501 antequem
934 3437 1047 3485 desinent.
1071 3435 1140 3484 Vide
1154 3437 1231 3487 Nott.

129 3503 207 3552 Vere.
236 3509 327 3552 tentem
341 3520 391 3554 erse
407 3507 484 3555 tht.
500 3515 526 3555 et
540 3508 576 3556 sic
595 3507 708 3569 Gnelplr.
718 3516 744 3555 et
756 3507 821 3554 Exe.
834 3506 910 3553 Voss.
938 3507 1030 3551 tuntum
1040 3515 1091 3550 esec
1102 3501 1165 3550 Vet.
1177 3503 1230 3550 Pu·

129 3575 198 3615 tran.
221 3568 374 3628 felicitatem,
393 3572 497 3634 enitique
514 3571 574 3620 edd.
595 3580 653 3620 ente
672 3573 749 3622 Grut.
775 3569 808 3619 'rt
823 3575 851 3619 et
864 3573 969 3618 servant
985 3567 1048 3615 Vet.
1063 3566 1234 3615 Pnt.Scbed.

130 3633 269 3695 sangine
280 3635 339 3682 edd.
352 3643 464 3686 rerentt.
491 3639 592 3686 laterent
602 3638 715 3700 Guelplt.
743 3637 815 3696 Mox,
827 3636 853 3682 in
862 3651 888 3685 se
898 3633 1022 3681 imitentur
1031 3630 1092 3680 edd.
1102 3631 1234 3680 Schwan.

129 3707 154 3747 et
166 3699 314 3762 ,langen-2
332 3699 399 3749 Edd.
413 3709 477 3751 vett.
488 3705 518 3751 ed
527 3709 611 3765 gentes
622 3704 677 3753 illes
685 3720 695 3762 ,·
713 3701 825 3767 Gnelpb.
838 3700 907 3751 Gud.
923 3702 947 3747 l.
964 3703 988 3746 2.
998 3698 1127 3746 sconart.
1138 3703 1167 3746 et
1176 3697 1232 3748 Jee-

623 3834 731 3883 NOTAE

124 3928 228 3990 jectum
251 3925 369 3975 observat
393 3928 424 3976 ad
448 3943 517 3977 otum
537 3929 658 3979 editionis
700 3938 748 3980 tut.
833 3923 838 3929 ’

128 4017 182 4052 enee
206 4003 344 4052 Livineius.
378 4004 441 4054 Mox
455 4012 540 4068 potes:
562 4007 603 4055 ulii
623 4007 657 4056 le·
731 4006 807 4054 8Πὶα
828 4004 907 4068 [illes]
928 3999 1035 4064 cesonio]
1067 3999 1109 4048 Art
1128 3999 1182 4062 lue,
1201 4006 1233 4050 ut

129 4085 288 4140 guntpotest.
698 4082 826 4132 referatur
844 4081 875 4128 nd
893 4082 993 4142 gentes?
1020 4076 1064 4126 Ita
1080 4077 1231 4141 suspicatur

46 4168 57 4183 ¹
160 4163 169 4186 ⁸
185 4157 450 4221 AEtetes,etnemerur]
467 4160 499 4208 Et
512 4160 607 4215 diutins
620 4161 655 4209 ti·
698 4159 837 4210 Livineius.

130 4239 192 4282 vttnt
215 4233 340 4293 ltomines,
364 4245 391 4286 et
416 4239 503 4302 ptores
530 4253 656 4303 goneran-
