2730 4726
127 297 215 365 1592
532 309 666 359 aarum
693 309 828 359 uacum

125 458 305 529 rideretur.
348 456 381 521 3.
403 455 474 523 Sed
498 463 608 521 tumen
634 457 720 522 tetro
736 457 844 540 raptis
864 456 1028 535 abutitur,
1055 460 1092 522 et
1117 457 1230 522 ablata

126 562 203 629 aliis
225 560 290 625 sibi
312 559 441 640 reddit;
463 579 525 625 nec
545 559 624 626 ideo
645 560 720 625 vias
742 560 919 644 saltusque
938 560 1087 638 obsidet,
1103 569 1143 625 ut
1165 561 1229 624 the-

127 683 261 731 taurum
289 670 399 729 struat
422 671 526 748 atque
549 663 711 741 defodiat,
733 671 768 728 et
794 683 869 728 cum
896 664 1024 729 scelere
1046 665 1148 729 miser
1170 665 1230 744 sit3

127 767 188 853 sed
208 773 247 831 ut
260 767 348 850 gulae
365 768 537 849 ventrique
551 766 763 851 suppeditet,
778 785 840 831 uec
855 765 946 831 desit
957 772 1092 831 sumtus
1105 767 1230 850 imper·

90 893 92 898 ·
126 868 214 936 diis:
235 877 365 937 namet
387 869 526 937 effundit
545 876 579 935 et
600 869 750 952 negligit,
764 868 883 933 eadem
903 868 1066 951 perdendi
1085 878 1121 933 et
1141 889 1230 952 quae·

125 973 219 1039 rendi
237 972 413 1039 facilitate.
455 977 489 1039 4.
512 973 639 1041 Noster
657 973 716 1037 ille
735 972 856 1056 pirata,
871 971 1032 1057 quicquid
1051 971 1230 1039 undecum-

126 1097 191 1161 que
210 1078 441 1154 converrerat,d
463 1078 499 1142 id
522 1079 623 1143 nobis
642 1077 773 1160 sibique
786 1077 979 1158 periturum,
994 1075 1030 1138 in
1045 1074 1142 1139 illam
1157 1095 1230 1157 spe·

126 1198 187 1247 cus
201 1181 254 1244 sui
269 1179 492 1262 Charybdim·
510 1180 721 1264 congerebat.
764 1177 968 1260 Charybdim
982 1177 1132 1261 loquor?
1155 1198 1230 1260 quar

127 1302 204 1346 cnm
226 1282 325 1366 plena
346 1283 481 1364 navigia
499 1283 677 1357 sorbuerit,
693 1282 814 1347 dicitur
834 1288 948 1349 tamen
967 1280 1136 1363 rejectare
1150 1301 1231 1346 nau-

126 1382 244 1467 fragia,
260 1393 294 1451 et
317 1390 489 1451 contortas
511 1386 616 1451 fundo
635 1393 724 1450 rates
743 1383 1029 1449 'taurominitanis
1048 1381 1234 1449 littoribusf

126 1506 307 1571 exponere.
350 1490 381 1553 5.
406 1487 505 1552 Bona
529 1495 646 1553 nostra
672 1486 715 1553 ad
742 1487 899 1553 erarium
919 1505 987 1553 une
1010 1495 1044 1553 et
1070 1492 1232 1570 perpetua

125 1590 184 1654 ria
198 1590 311 1654 ibant:
334 1588 443 1654 nullas
457 1609 569 1655 eorum
585 1588 758 1674 reliquias,
770 1589 863 1655 nulla
877 1587 1076 1670 fragmenta,
1088 1591 1144 1654 vel
1160 1613 1232 1660 sero

126 1691 221 1756 victa
234 1691 388 1772 fastidio,
402 1692 463 1758 illa
478 1694 664 1759 communis
678 1713 804 1775 uorago
819 1693 1028 1758 revomebat.

170 1792 261 1860 Gur.
284 1811 415 1860 xxvrr.
451 1797 483 1861 l.
506 1797 570 1863 Est
588 1797 817 1882 improborum
837 1796 1034 1878 Principum
1057 1803 1232 1880 postrema

126 1895 289 1974 defensio,
317 1899 446 1965 auferre
476 1900 622 1966 donandi
650 1901 765 1983 gratia,
789 1907 826 1965 et
849 1897 1009 1965 iuvidiam
1036 1901 1231 1984 rapinarum

126 2000 354 2082 magnitudine
374 2021 547 2069 munerum
561 2003 775 2088 deprecari31
801 2021 880 2086 quae
894 1997 1053 2086 (malum)
1065 2003 1157 2069 ratio
1171 2011 1231 2086 est,

127 2104 315 2169 abstulisse
329 2106 496 2185 omnibns,
511 2107 604 2190 quod
619 2105 732 2171 nullus
748 2104 926 2171 habiturus
941 2104 1009 2170 siti
1046 2104 1081 2170 2.
1103 2094 1153 2171 Et
1166 2108 1230 2192 pri·

127 2215 280 2273 vatorum
291 2208 424 2291 quidem
437 2209 605 2288 avaritiae,
616 2210 696 2275 licet
707 2208 808 2283 mala,
824 2216 938 2276 tamen
953 2208 1069 2291 aliqua
1078 2208 1230 2277 defensio

127 2314 189 2383 est,
215 2310 346 2376 timetur
368 2312 497 2395 iuopia,
515 2319 550 2377 et
571 2312 740 2396 reponitur
763 2312 952 2388 senectuti,⁸
973 2315 1006 2376 et
1028 2312 1229 2395 prospicitur

126 2409 269 2475 haeredi:
293 2434 392 2497 quam
415 2414 509 2479 affert
531 2435 670 2479 causam
690 2415 960 2497 concupiscendi,
981 2414 1051 2498 qui,
1071 2423 1228 2498 quantum

127 2513 254 2598 ubique
273 2519 477 2595 estuabat?
520 2518 554 2583 3.
577 2518 668 2598 Quin
691 2538 763 2602 ego,
781 2520 811 2583 si
830 2519 883 2583 fas
904 2519 1062 2603 piumque
1084 2518 1228 2585 mortali-

158 2707 172 2741 t
189 2699 321 2752 Excusare.

580 2782 760 2804 nonomen?

127 2894 203 2944 cuiuis
219 2895 380 2949 turmae-s
400 2899 465 2949 Cod.
483 2899 581 2950 Sebeff.
598 2903 660 2954 Vet.
679 2903 763 2952 Livia.
780 2902 882 2952 Bertiu.
899 2901 979 2952 obluta
999 2899 1056 2950 ertu
1070 2905 1099 2951 ut
1114 2901 1174 2962 sibi,
1191 2901 1229 2963 irc.

127 2961 189 3009 Vct.
200 2960 313 3013 Putean.
323 2978 346 3012 c.
358 2965 415 3013 aliis
425 2968 462 3015 vel
476 2967 531 3015 sibi.
548 2970 622 3024 Mox,
635 2969 695 3018 edd.
709 2977 773 3017 vett.
789 2973 900 3032 suppetat
911 2973 934 3015 et
942 2983 953 3025 ,·
970 2967 1033 3016 Vet.
1053 2966 1169 3016 Putean.
1179 2981 1226 3029 sup·

125 3027 276 3087 mitet-t
294 3030 398 3078 Puteul.
419 3031 535 3081 Rbenuu.
555 3036 588 3084 at.
607 3042 673 3083 vett.
693 3035 802 3098 quicquid
820 3050 843 3083 a.
858 3036 1016 3090 centenorum
1033 3030 1157 3080 Bulduin.
1176 3045 1227 3092 pr.

125 3099 275 3143 concurrerat
285 3110 295 3152 ,·
310 3097 367 3143 cod.
377 3095 472 3146 Sebeff.
481 3107 508 3147 et
519 3099 579 3148 edd.
590 3110 703 3150 receutt.
714 3117 737 3163 q.
745 3116 770 3149 u.
782 3104 930 3147 murmurat
937 3114 947 3155 ,-
963 3107 992 3145 et
1000 3098 1037 3145 sie
1045 3097 1118 3160 conj.
1131 3097 1227 3147 Acidrl.

128 3155 215 3206 Lirin.
225 3167 251 3208 et
264 3161 342 3210 Grut.
353 3179 377 3225 q.
389 3172 562 3214 erebrescunt
574 3167 632 3217 cod.
643 3166 815 3216 Schwarzian.
829 3163 967 3228 Cburpbdiu
978 3161 1092 3224 Grrelph.

161 3222 228 3272 Cur.
247 3237 340 3275 xxvu.
373 3229 516 3292 lGnelpb.
536 3231 636 3281 seced.
650 3232 824 3281 Schwarziau.
842 3227 1075 3287 extremudqfeasio,
1086 3227 1229 3287 ‹turmodu-

127 3289 223 3345 aarum
239 3290 296 3342 cod.
314 3290 410 3343 Sclteff.
427 3301 455 3344 et
473 3297 538 3345 Exc.
556 3296 704 3347 Scbcubov.
719 3301 839 3360 postremo
856 3295 882 3344 d·
898 3311 923 3345 r.
942 3293 1062 3343 mado.
1093 3295 1172 3357 Mox,
1184 3306 1227 3358 pru

159 3521 171 3558 ἃ
189 3524 358 3590 Corrrmerut]
379 3527 420 3577 Ita
438 3531 579 3580 Bulduiuus
598 3541 658 3595 port
697 3539 778 3582 strum
790 3544 917 3580 conversa
928 3536 979 3579 est.

128 3602 274 3665 complures
285 3602 348 3652 clius
360 3605 434 3667 legit,
447 3621 493 3668 pro
510 3616 658 3668 murnum,
730 3607 741 3641 f
756 3606 960 3659 Tauromuitcair
975 3605 1113 3672 littoribus]
1136 3609 1229 3659 Tauro·

128 3680 167 3729 uti
177 3687 218 3730 est
229 3681 255 3730 iu
267 3681 323 3730 ullis
335 3682 501 3733 editionibus.
697 3687 803 3736 minium
823 3685 884 3734 urbs
902 3688 942 3734 ert
956 3683 1061 3744 Sicilia,
1076 3698 1143 3734 cum
1157 3694 1228 3750 portu

159 3758 343 3825 ‘’Charybdim]
356 3761 462 3810 Fretum
476 3763 657 3817 interltrliam
697 3761 725 3811 iu
743 3778 790 3812 cra
808 3761 931 3810 orientali
948 3761 1018 3809 iuter
1035 3760 1187 3813 Messanam
1204 3766 1229 3810 et

127 3842 155 3886 rt
173 3838 300 3894 Siciliam,
321 3841 509 3890 contrariorum
532 3841 657 3895 fluctuum
699 3838 926 3898 Catnn1m‚bodie
939 3838 1078 3888 fumarius·

127 3913 261 3963 collisione
284 3924 361 3977 rapta
382 3932 492 3981 quaque
515 3919 660 3971 absorbens
730 3915 1025 3980 sRepouiturseaertuti]
1044 3915 1229 3979 Sieapudl-lc·

127 3996 294 4040 uteructaus.
310 3992 468 4057 Charybdim
477 4004 563 4044 cutem
574 3997 659 4059 positas
700 4002 750 4044 rat.
766 3995 823 4044 Sat.
843 4007 863 4043 ι.
877 3998 900 4043 1.
919 3992 988 4041 ‘buc
1008 3997 1098 4040 mente
1118 3993 1227 4043 labore·

127 4063 216 4113 ferunt
224 4066 358 4116 mulierem
367 4066 446 4118 fuisse
458 4072 659 4134 rapacissimam,
699 4074 763 4123 Sese
774 4071 844 4121 ferre
856 4085 934 4120 senes
943 4075 972 4118 ut
983 4069 1010 4117 iu
1024 4068 1081 4119 utic
1091 4075 1152 4119 tutu
1162 4083 1228 4118 rece

128 4156 185 4204 quae
203 4157 260 4192 curu
275 4143 397 4194 Herculis
415 4161 505 4197 vaccar
520 4149 659 4210 repuisset,
698 4152 773 4206 dant,
784 4148 867 4198 Aiunt
885 4168 894 4196 .·
904 4180 932 4197 ..
949 4147 1017 4196 sicut
1029 4146 1148 4197 Parvula
1161 4147 1228 4212 (nrm

128 4230 145 4266 ι
165 4217 232 4269 Jove
254 4233 378 4282 percusse
400 4219 517 4288 fulmine,
538 4225 565 4275 iu
587 4240 658 4276 mon·
699 4219 1230 4290 exemplocromaniforuriealaboria'
