2730 4726
125 304 214 375 rulo
365 312 589 371 neutrum
614 318 849 372 ouarruauu
874 320 988 372 torro

126 470 231 534 rebus·
242 467 423 549 agitemus,
446 485 522 532 cum
536 465 619 532 illud
633 484 697 532 usu
712 467 826 532 venire
846 466 1170 547 animadvertamus,
1184 477 1232 550 ut,

129 571 189 654 qui
207 578 371 634 remotam
392 589 415 635 a
436 569 670 653 voluptatibus
685 570 788 634 vitam
803 577 995 654 sequautur,
1018 569 1176 637 difficiles
1198 583 1234 638 et

127 673 255 739 morosi
270 672 347 751 siut,
370 672 434 737 sibi
458 690 578 754 parum
596 666 680 750 laeti,
704 671 765 735 sed
792 672 872 743 aliis
894 673 1075 752 tristiores,·
1089 683 1232 740 moestus

100 820 103 825 -
128 780 230 860 atque
252 776 404 840 solicitas
419 776 519 840 etiam
535 775 686 857 privatas
701 774 821 839 domos
837 774 976 840 saciant.
993 810 996 815 ·
1016 778 1047 840 2.
1067 775 1118 840 At
1134 797 1231 842 sauc-

129 877 283 941 tissimus
299 877 489 961 Imperator
512 876 664 959 impense
688 876 810 954 studet,
837 887 876 941 ut
897 898 962 943 nos
984 898 1047 962 pro
1069 879 1231 961 dignitate

128 981 328 1056 habitemus,
343 987 382 1044 ut
397 978 584 1044 commodis
600 979 787 1058 affluamus,
802 986 840 1045 ut
862 988 991 1046 castam
1005 983 1232 1065 quidem-sed

114 1082 267 1148 -bilarem
301 1082 467 1146 ducamus
503 1088 664 1163 aetatem3
699 1101 774 1147 cum
809 1085 895 1149 alios
928 1087 1103 1169 principes
1139 1087 1233 1152 labor

129 1193 253 1263 uuces,
278 1185 441 1250 remissos
457 1185 590 1250 desidia
604 1184 794 1262 reddiderit,
812 1207 1008 1272 semperque
1022 1191 1145 1254 scriis·
1167 1189 1232 1254 Im·

131 1289 336 1373 putatoribus
352 1290 472 1371 gratia,
487 1287 767 1354 communibusst
783 1290 927 1355 defuerit
941 1291 1119 1356 industria.
1166 1279 1233 1356 Ne·

132 1411 200 1476 que
215 1393 396 1476 quisquam
412 1391 478 1455 sibi
492 1391 652 1455 molestus
666 1392 715 1456 ita
729 1412 766 1456 se
786 1392 915 1458 facilem
931 1395 1049 1458 ceteris
1060 1395 1234 1478 praebuit,
1271 1404 1276 1410 '

132 1503 255 1558 utnon
269 1493 312 1558 ad
326 1513 424 1558 suum
438 1494 629 1577 exemplum
645 1494 733 1558 alios
745 1493 924 1560 coerceret.
968 1495 1001 1560 3.
1025 1494 1156 1561 Noster
1168 1497 1234 1562 Im·

132 1603 270 1680 perator
289 1595 371 1660 nihil
393 1595 459 1659 sibi
481 1595 600 1671 veuiae,
615 1595 699 1660 nihil
718 1598 836 1660 ceteris
864 1583 1027 1663 molestiae
1050 1618 1093 1663 ac
1107 1601 1235 1664 tabuiis

133 1699 342 1781 impartiens,
358 1718 420 1763 suo
435 1697 570 1781 negotio
584 1699 737 1763 omnibus
751 1700 859 1764 otium
873 1706 1028 1784 praestat,
1042 1700 1236 1766 divitiarum

133 1801 283 1884 largitor,
303 1821 455 1866 curarum
479 1819 615 1879 avarus,
633 1800 898 1867 laboriosissima
921 1804 1129 1887 negotIorum
1153 1823 1236 1890 prra-

136 1912 261 1989 optaus
275 1905 351 1989 ipse
366 1923 477 1988 agere,
491 1924 592 1987 quam
608 1904 687 1968 aliis
698 1903 886 1988 imperare!

136 2061 140 2070 .
179 2006 270 2072 Cur.
294 2023 383 2073 xrrr.
425 2008 471 2072 1.-
482 2006 585 2071 Multi
600 2017 681 2090 post
695 2016 841 2073 exactos
855 2028 951 2093 reges
971 2010 1151 2091 imperium
1167 2009 1238 2073 uui·

136 2129 244 2175 versae
257 2112 455 2194 reipublicae
470 2110 654 2176 solitarium
671 2111 873 2195 cupierunt!
913 2111 1007 2176 Nota
1026 2119 1238 2177 sunt—reeor-

137 2212 294 2278 dautibus
310 2216 452 2292 uomina,
468 2233 583 2278 eorum
605 2213 774 2303 mdelicet,
789 2217 860 2298 qui,
880 2215 915 2278 iu
930 2215 1064 2297 propria
1078 2214 1238 2293 furentes,

137 2314 282 2380 affectati
307 2314 417 2399 regui¹
445 2317 616 2400 supplicia
639 2317 878 2401 pependerunt.
921 2317 956 2382 2.
978 2317 1083 2382 Mitto
1098 2322 1239 2392 veteres,

170 2524 181 2549 ⁶
199 2515 577 2579 Quioegrasua'copiumsuciuut.
641 2515 837 2582 ‘Poputu‘rr'iua

144 2594 152 2659 ι·
171 2589 181 2614 ‘
198 2583 313 2658 Operatut
330 2583 399 2643 turgu
414 2597 495 2658 paru,
506 2582 679 2658 solicitudinem
694 2599 749 2633 aero
761 2598 841 2648 parce,
850 2583 912 2647 quud
926 2582 1091 2650 difficilimum
1106 2589 1142 2632 ert
1151 2584 1241 2633 mult

139 2647 772 2778 'tttttttt'tttttttttttssttttttt

133 2967 169 3024 'et
180 2983 292 3025 reeeuu.
304 2972 389 3039 meus
399 2976 425 3024 ia
440 2979 520 3026 umet.
552 2973 621 3026 Eud.
640 2981 701 3025 aute
717 2975 816 3038 Iaeger.
833 2975 860 3024 id
876 2988 939 3030 ωας
956 2973 1019 3023 Vet.
1038 2973 1124 3022 LivIu.
1140 2973 1244 3024 Bertiu.

140 3040 424 3102 MoerI.Guelph.iItud
435 3056 487 3090 usu.
513 3039 634 3090 ‘Putaui
653 3040 719 3088 orale
734 3038 963 3090 uuimuduertemus.’
981 3039 1072 3088 Arutr.
1100 3041 1245 3105 etprtuuter

142 3106 255 3168 Guetph.
273 3105 359 3154 Moeri.
372 3114 399 3154 et
411 3105 472 3154 edd.
484 3114 548 3155 vett.
574 3106 647 3155 etium
660 3106 769 3170 priuatus
783 3107 843 3154 Vet.
858 3106 943 3154 Liviu.
959 3105 1060 3153 Bertiu.
1074 3103 1152 3153 Grut.
1164 3116 1192 3164 ,et
1204 3121 1243 3155 re-

141 3175 272 3222 uecta—2
291 3172 343 3220 ‘Et
353 3171 515 3223 sanctissimus
533 3169 647 3235 Gueiph.
665 3170 751 3220 mate!
766 3169 853 3220 Arata.
888 3171 1021 3234 Imperator
1032 3169 1113 3218 studet
1126 3171 1244 3222 Rheuau.

141 3237 179 3286 Η.
190 3237 280 3299 steph.
294 3237 376 3285 Livio.
393 3235 481 3285 ItirIu.
509 3237 531 3284 I.
541 3236 642 3300 Impense
657 3238 736 3285 studet
754 3236 816 3284 Vet.
835 3237 946 3284 Puteau.
963 3234 1024 3283 Vet.
1042 3235 1127 3283 Livio.
1143 3237 1246 3288 Bertiu.
1271 3278 1273 3282 Α

142 3301 254 3364 Gueiptr.
268 3303 332 3351 Exc'.
343 3301 491 3351 Schonhov.'
500 3303 608 3362 Cuspiu.
621 3303 652 3350 P.
662 3302 753 3364 steph.
767 3301 844 3352 Grut.
861 3311 888 3350 et
907 3309 1016 3348 receuti.
1050 3299 1104 3348 Pro
1117 3305 1245 3352 canuani-

142 3365 192 3420 Μ.
205 3369 237 3415 ul·
249 3367 343 3418 habeut
352 3367 464 3423 comitur,
475 3367 507 3416 ul.
518 3367 654 3416 caitae—8
673 3367 757 3416 Moeri.
768 3366 964 3416 tubcrimissimus
973 3365 1131 3426 negotiorum.

176 3432 243 3481 Car.
257 3444 320 3481 xrrr.
349 3435 361 3480 1
381 3430 494 3494 Gueiph.
512 3433 607 3481 uomina
625 3446 705 3481 rerum
719 3431 837 3480 uidelicet.
862 3433 977 3480 Rheuau.
996 3429 1032 3478 ri.
1049 3430 1141 3490 Stepu.
1162 3432 1247 3484 Livio.

143 3497 231 3547 Riviu.
241 3511 287 3545 uon
296 3496 507 3560 propricsereuter
515 3512 525 3554 ,·
544 3498 606 3546 Ver.
625 3498 738 3546 Puteau.
756 3497 877 3545 vatican.
890 3496 953 3544 Vet·
971 3495 1054 3544 Lirin.
1065 3495 1170 3545 Bertiu.
1182 3499 1245 3547 Ere.

142 3563 225 3626 Laug.
242 3561 356 3626 Guetph.
370 3562 440 3613 Exc.
459 3561 604 3612 Schouhov.
621 3562 727 3627 Cuspio.
738 3561 771 3612 P.‘
783 3562 874 3627 Steph.
887 3561 1003 3612 (irritet
1014 3570 1127 3611 receutt.
1155 3565 1183 3612 ia
1192 3578 1246 3627 pro·

541 3723 543 3727 ’
638 3724 749 3776 NOTIE

176 3842 383 3907 hcoamaaitur]
401 3840 532 3892 Aciduiius
548 3841 614 3906 legit
635 3856 673 3890 co·
713 3838 831 3902 dejectus
852 3845 902 3886 est.
945 3836 1058 3900 Insuper
1080 3853 1173 3887 eversa
1193 3840 1248 3904 ejus

144 3922 228 3971 mitum
262 3921 397 3970 Utrumvir
410 3919 486 3982 elige.
714 3918 814 3976 domus,
826 3915 914 3964 addita
926 3914 993 3976 lege,
1011 3924 1083 3963 utne
1097 3919 1155 3980 quir
1167 3919 1248 3980 patri*

177 3997 185 4031 ¹
210 3997 329 4062 Affectuti
353 3994 435 4060 regri]
465 3993 567 4043 Aliudit
594 3992 674 4043 adid
715 3994 770 4043 cius
787 3992 911 4055 deinceps
923 3993 949 4040 iu
966 4006 1027 4040 arce
1039 4002 1084 4042 aut
1101 3994 1127 4042 iu
1139 3996 1247 4059 Capitu-

146 4071 216 4136 quud
238 4073 272 4121 da
300 4071 400 4122 Mauito
422 4071 570 4133 Capitolino
592 4068 675 4119 refert
716 4071 752 4119 lio
774 4067 912 4118 habitaret.
945 4069 1014 4118 Item
1036 4073 1122 4133 gentis
1140 4072 1248 4121 Mauiiae

147 4150 235 4200 Livius
251 4163 291 4198 vr.
313 4152 354 4198 20.
372 4147 415 4210 qui
436 4144 553 4196 affectati
575 4147 676 4210 imperii
717 4147 825 4194 decreto
840 4155 945 4194 cautum
964 4154 1013 4207 est,
1030 4160 1064 4196 ue
1082 4151 1141 4213 quis
1154 4150 1248 4200 deiude

146 4226 281 4277 damnatus
289 4224 323 4275 de
331 4239 394 4274 saxo
404 4223 514 4288 Tarpeio
521 4222 548 4272 iu
560 4236 677 4288 preceps
719 4224 757 4274 ul.
765 4222 879 4273 Manlius
890 4229 1035 4274 vocaretur.
