2730 4726
125 306 215 373 teat
367 315 589 370 urnunrrnr
615 318 848 371 enarrantur
872 321 987 374 norro

126 469 175 535 Et
199 484 287 531 vere.
340 464 428 530 Cum
450 463 627 529 mendaces
649 465 803 531 bomines
823 473 882 533 ant
907 468 1024 551 inopia
1051 474 1112 535 aut
1132 470 1230 535 timor

126 572 243 646 faciat,
258 567 515 650 magnitudinem
529 568 672 634 fenenne
687 588 758 636 snoe
771 569 969 653 Imperator,
985 571 1046 654 qui
1061 574 1229 650 mentitur,

125 675 267 756 ignorat.
306 669 406 749 Quis,
422 688 483 736 oro
502 688 578 748 ron,
592 671 691 754 plura
705 671 848 755 praebuit
867 671 945 736 fidei
959 677 1228 760 constantiaeque

127 775 355 840 documental
395 777 432 838 4.
454 771 704 857 Omnes‚,qnos
730 774 884 857 privatus
906 776 942 839 in
964 775 1227 845 familiaritatem

125 878 264 966 recepit,
281 876 397 941 eodem
411 876 510 941 babet
527 875 715 959 Imperator
727 875 864 943 affectu.
907 877 1018 943 Nemo
1032 881 1144 962 grad·
1158 883 1230 965 pnl-

126 1001 203 1058 nue,
216 999 314 1044 uerno
333 977 429 1044 aditu
445 977 744 1061 promanabant
757 977 878 1061 palatii
892 977 981 1044 feren
996 980 1128 1047 claueae
1144 992 1227 1049 nunt.

126 1085 163 1150 5.
182 1083 311 1148 Omnes
335 1083 444 1147 bonos
473 1082 596 1147 babet.t
638 1081 680 1145 Iu
708 1081 908 1166 recipiendis
935 1082 1057 1147 amicis
1080 1087 1227 1167 optimus

124 1186 231 1273 judex
245 1190 307 1250 eet.
351 1184 391 1250 Si
414 1184 521 1269 aliqui
544 1191 621 1250 suut
639 1184 796 1268 improbi,
819 1184 999 1251 tolerandis
1012 1184 1226 1255 familiarium

126 1290 222 1355 vitiis
237 1288 680 1354 immutabilieestamicus.
1049 1277 1057 1287 ’

172 1390 262 1457 Cae.
277 1407 409 1456 xxvrr.
451 1391 483 1455 1.
505 1387 555 1454 At
570 1393 700 1455 mutant
710 1388 869 1455 secundae
884 1408 941 1455 res
956 1390 1104 1457 animos.
1129 1392 1227 1458 -Noe

128 1500 214 1561 trum
233 1495 424 1577 Principem
439 1495 469 1559 si
484 1492 627 1558 nondum
642 1491 860 1570 mutaverint,
881 1493 1015 1577 quando
1030 1495 1226 1562 mutabunt

124 1597 241 1681 ,Gujns'
258 1617 403 1680 unquam
426 1594 573 1662 divinior
595 1595 742 1662 felicitas
767 1596 861 1661 tuitt
903 1598 937 1661 2.
961 1596 1075 1661 Paulo
1096 1608 1179 1663 ante
1198 1599 1227 1662 in

126 1699 283 1765 laceratio
291 1699 417 1764 Gallim
433 1700 634 1783 provinciis·
647 1700 768 1784 lapsus
782 1697 1013 1765 inimicornml
1027 1700 1227 1783 capitalium

127 1804 258 1889 apertis
280 1802 394 1881 armis,
419 1813 454 1869 et
474 1804 619 1868 occultis
642 1803 778 1869 insidiis
799 1802 992 1886 petebatur3
1013 1803 1050 1866 in
1074 1803 1226 1886 pauenda

127 1908 311 1984 mensibus,
334 1906 449 1970 divino
464 1926 607 1985 munere,
631 1905 764 1989 Libyae,
788 1904 947 1988 Europae,
968 1903 1138 1988 Asiaeque
1162 1922 1228 1987 teg·

126 2016 226 2076 nator
239 2018 303 2073 est»
341 2008 429 2088 Quae
441 2009 569 2093 majora
583 2008 838 2093 expectabimus
850 2007 918 2075 Dei
927 2007 1094 2091 praemiat
1112 2027 1227 2093 quaere

128 2113 285 2177 uberiora
297 2112 388 2177 dona
403 2112 584 2178 Fortuneel
628 2113 661 2177 3.
684 2111 819 2189 Videte,
841 2132 931 2189 num,
955 2111 1116 2176 secundis
1131 2113 1225 2176 rebus

129 2214 251 2291 elatus,
266 2214 392 2299 aliquid
406 2215 448 2278 de
461 2215 581 2298 prioris
595 2215 673 2280 vitre
684 2212 941 2280 mansuetudine
955 2220 991 2278 et
1002 2213 1226 2279 moderatione

128 2319 319 2382 mutaverit.
362 2316 513 2381 Mutavit
534 2317 645 2401 plane,
669 2317 822 2381 mutavit.
867 2315 956 2381 Nam
975 2315 1108 2380 civilior
1120 2315 1226 2380 factus

127 2439 361 2502 prosperorum
375 2419 506 2500 infregit
520 2417 687 2483 iuvidiam·
719 2418 752 2482 4.
768 2411 833 2484 cui
847 2438 913 2482 nou
930 2417 984 2483 vel
997 2416 1082 2481 illud
1096 2423 1226 2500 tempus

128 2521 256 2588 sedatae
269 2523 415 2606 praebuit
434 2523 554 2586 mentis
570 2522 741 2599 iudicium,
758 2541 837 2605 quo,
856 2518 1008 2585 horrendi
1032 2519 1117 2584 belli
1136 2529 1225 2585 metu

129 2625 302 2708 republica
323 2626 476 2705 liberata,
506 2625 585 2689 elati
611 2645 724 2688 sarnus
748 2625 861 2688 cuncti
889 2623 1055 2707 gestiente
1082 2621 1225 2689 laetitiat

574 2788 764 2812 OWNONO

129 2899 199 2951 tium.
216 2898 284 2949 Edd.
297 2904 361 2949 vett.
372 2900 408 2949 Et
418 2913 482 2958 nere,
490 2914 559 2960 οπως
571 2898 654 2948 Livio.
666 2897 732 2963 conj.
743 2900 779 2948 Et
789 2913 854 2961 nero,
862 2913 924 2963 enm,
934 2899 1023 2959 tra-t
1041 2897 1151 2947 Puteal.
1163 2898 1226 2948 Rhe-

130 2979 191 3014 nnn.
200 2965 293 3029 Stepb.
305 2966 388 3015 bivia.
401 2964 487 3013 Riviu.
497 2966 530 3013 al.
542 2965 697 3014 nortboldo
707 2963 855 3028 prohibitam
864 2964 926 3012 Ver.
935 2963 1047 3012 Putean.
1055 2963 1226 3014 Bertin.llxc.

129 3031 212 3093 Laug.
224 3030 310 3079 Moerl.
322 3031 435 3094 Guelpb.
447 3031 553 3092 Cuspiu-
566 3030 642 3079 Grut.
655 3039 683 3079 et
694 3037 805 3079 reeentt.
815 3030 884 3078 odite
893 3027 1037 3093 prohibitae,
1049 3037 1079 3076 ut
1089 3030 1163 3093 conj.
1174 3031 1226 3078 Mo·

130 3097 188 3144 dine
200 3096 340 3160 Novanth.
353 3097 425 3145 beet.
438 3096 488 3160 Ep.
497 3100 538 3145 at.
548 3104 575 3145 et
586 3095 738 3144 Actaea-n
753 3095 918 3144 Onneadonon
925 3098 989 3142 amnt
998 3093 1070 3157 conj.
1079 3093 1182 3144 Faber:
1195 3102 1226 3145 to·

130 3162 222 3210 terendi
232 3160 293 3210 edd.
305 3169 366 3212 ante
378 3162 476 3224 Jager.
504 3162 633 3211 tolerandis
644 3161 715 3210 (iud.
727 3161 812 3210 Moerl.
822 3168 850 3208 et
860 3161 922 3209 Vet.
932 3159 1044 3208 Puteum

125 3240 128 3247 ·
164 3225 230 3276 cm.
246 3239 338 3279 xxvii.
366 3226 510 3288 lGuelpb.
527 3230 569 3276 red
587 3229 689 3275 nondun
708 3226 859 3275 inritauerint.
876 3225 1043 3274 ‘Rescribam
1061 3220 1226 3273 mutauerant!

130 3288 227 3352 dager.
263 3292 443 3355 Ctdarinqnorn
454 3293 558 3341 Puteal.
574 3292 689 3340 Rhenan.
707 3289 1117 3354 Stepb.Livin.Riviu.al.vett.
1150 3290 1226 3339 Can·

130 3370 200 3417 qaum
210 3355 324 3419 Guelpb.
341 3359 402 3408 Vet.
414 3359 523 3408 Putean.
533 3359 635 3406 Bertin.
649 3358 756 3421 Cuspin.
771 3354 848 3405 Grnt.
866 3363 894 3404 et
908 3359 1019 3404 recenti.
1048 3353 1102 3402 Pro
1117 3354 1227 3416 dioinr'or,

130 3420 242 3470 Putean.
252 3422 320 3485 conj.
331 3423 522 3472 dictamina-2
540 3423 651 3472 Lirineii
662 3423 877 3481 emendationem,
887 3421 913 3469 in
920 3419 1077 3469 lacemtaeG.
1087 3419 1227 3483 prouinciae,

126 3487 232 3549 recepit
242 3486 336 3535 Cellar.
347 3488 391 3536 ned
403 3496 517 3536 veterem
526 3489 669 3537 lectionem
685 3495 792 3537 tuentur
803 3485 879 3537 codd.
892 3492 920 3534 et
931 3485 992 3534 edd.
1004 3485 1087 3548 antiq.
1114 3485 1142 3533 in
1153 3485 1226 3533 inind·

43 3561 45 3566 '
130 3566 209 3600 coram
222 3551 335 3615 Guelpb.
361 3552 982 3614 qnoeuberr'orovenlriviu.Bertiu.Guelpb.—8
1000 3548 1227 3612 Guelpbmunrroe·

131 3618 223 3677 tudine,
237 3616 404 3678 eruderatione,
420 3620 513 3666 omissa
530 3619 772 3680 conjunctione—t
792 3620 839 3666 Cnr'
852 3633 907 3666 nero
918 3617 955 3665 nel
965 3614 1078 3676 Guelpb.
1102 3613 1131 3662 id
1142 3619 1227 3677 temper

132 3683 193 3731 edd.
207 3691 267 3732 ante
280 3682 447 3732 (imbellem
460 3684 544 3732 Rivin.
570 3687 630 3734 illud
641 3690 733 3747 tempas
742 3686 802 3733 Vet.
815 3683 900 3731 Lirin.
915 3681 1015 3730 Bertin.
1025 3679 1144 3739 Guelpb.
1155 3688 1182 3728 et
1192 3695 1226 3727 re·

130 3753 213 3800 eentt.
240 3750 322 3799 seduee
330 3749 433 3812 protae
441 3749 555 3815 Guelpb.
583 3750 657 3800 Idem
667 3753 750 3800 codex
759 3764 828 3814 mox,
835 3749 876 3812 qui
884 3747 996 3796 bonendi
1007 3778 1031 3793 ..
1044 3744 1145 3794 mmet
1154 3758 1227 3795 samur

625 3896 736 3949 NOTAE

165 3997 173 4027 ²
190 3997 278 4043 Omnes
289 3994 447 4060 bonoelmbel]
462 3995 593 4044 Anamatt
609 3996 672 4044 nisi·
699 3996 807 4045 cidalins
824 3994 898 4059 legit,
908 3993 936 4043 in
946 3993 1063 4042 breniae
1076 3989 1167 4041 Gallie
1175 4004 1225 4052 pro·

132 4071 201 4119 tabet
211 4072 237 4120 id
250 4071 389 4134 significat,
397 4072 465 4138 qnod
474 4073 543 4136 apud
551 4072 658 4122 Grecos
697 4073 795 4122 vinciar.

129 4147 194 4209 ἔχει,
206 4163 252 4212 pro
262 4155 336 4206 tenet,
345 4151 441 4200 retinet.
730 4147 923 4209 tInirnicornrn]
948 4147 1052 4209 Nempe
1072 4143 1224 4206 annuntii,

166 4233 178 4258 ⁸
196 4226 226 4274 ln
236 4227 347 4276 neaera
364 4228 453 4278 Gallie
468 4227 608 4292 provincia]
623 4227 659 4277 Α·
698 4228 806 4294 ejusque
815 4224 945 4278 fectionis.
