2730 4726
330 303 422 354 vrrs·
438 301 662 354 susanna
686 303 719 351 c.
742 302 1041 356 c.·souwsasro·.
1149 290 1235 363 1238

130 451 212 515 riius'
222 449 361 515 honoris
377 469 481 515 causa
496 449 631 533 quidem
645 450 789 535 accepit,
801 457 837 515 et
851 449 886 515 in
901 449 1034 534 accepti
1049 448 1235 523 rationibus

129 551 350 638 perscripsit3
374 551 433 616 sed
448 552 621 635 deinceps,
636 553 800 635 peculiari
815 553 967 618 oratione
982 552 1110 630 habita,
1122 573 1144 621 a
1158 553 1236 631 Ose-

130 674 206 719 sare
221 653 332 737 petiit,
348 662 386 717 ut
400 654 467 718 sibi
482 653 600 719 liceret
615 654 697 717 illud
718 653 829 738 ipsum
852 655 1011 719 salarium
1028 657 1146 737 patriae
1161 677 1235 724 suoe

129 775 315 839 expensum
332 754 462 830 referre,
487 763 591 839 atque
606 756 834 822 instaurandis
852 757 1078 822 AEduensium
1094 759 1235 832 scholis,

130 877 217 942 quas
233 856 426 921 Maenianas
441 864 557 936 vocat,
573 857 748 923 destinare.
795 858 892 923 Nihil
914 860 1045 937 attinet,
1069 860 1134 924 hoc
1158 861 1234 931 loco

129 978 401 1038 commemorare,
425 978 640 1023 numerosam
670 961 824 1025 sobolem
848 961 953 1024 luisse
978 961 1166 1026 Eumenio:
1199 964 1236 1029 iu

130 1062 245 1143 capite
259 1061 345 1125 enim
361 1061 478 1125 ultimo
495 1061 707 1147 Panegyrici,
723 1083 822 1146 quem
846 1062 1066 1128 Constantino
1083 1062 1235 1148 Augusto

130 1162 231 1239 dixit,
257 1163 336 1228 huic
358 1163 484 1227 liberos
508 1183 588 1228 suos
616 1165 765 1248 quinque
791 1164 1058 1246 commendavit;
1095 1187 1234 1249 quorum

130 1285 217 1330 unus
228 1265 301 1349 J’am
319 1284 450 1329 summa
465 1264 540 1329 iisci
556 1267 742 1348 patrocinia
762 1264 921 1331 tractarit.
966 1266 1129 1351 Equidem
1145 1271 1234 1337 bunc

128 1371 297 1437 rhetorem
319 1369 385 1433 sibi
400 1367 554 1434 vendicat
576 1369 695 1434 civitas
709 1368 943 1444 Cliviensium,
963 1371 1020 1453 qui
1043 1371 1151 1438 adbuc
1177 1393 1233 1439 os·

130 1479 264 1539 tentant
276 1475 423 1536 statuam
439 1471 682 1555 tripedaneam,
696 1491 795 1554 quam
812 1471 968 1536 Eunrenii
984 1472 1144 1540 Rhetoris
1159 1496 1234 1545 esso

130 1575 275 1643 uadunt.
302 1623 305 1627 .
320 1572 430 1657 Cujus
445 1578 566 1636 statuae
583 1573 762 1655 imaginem
776 1592 842 1637 nou
858 1581 988 1639 tautum
1006 1575 1094 1659 apud
1110 1576 1234 1645 Tesse-

130 1677 302 1743 makerum
317 1676 353 1740 in
367 1675 556 1741 Annalibus
572 1672 704 1754 cliviae,
728 1684 763 1740 et
783 1675 876 1759 apud
899 1676 1045 1742 Frisium
1072 1680 1107 1742 in
1129 1699 1234 1764 opus·

129 1782 207 1846 culo
232 1779 391 1843 Balduini
417 1775 618 1842 de20alceo
646 1797 722 1861 cap.
751 1777 805 1842 12.
837 1778 896 1842 sed
923 1779 1027 1843 etiam
1056 1781 1149 1863 apud
1176 1781 1233 1848 Jo.

131 1881 316 1967 Braunium
329 1882 363 1944 in
378 1878 568 1944 Comment.
589 1878 632 1942 de
654 1877 795 1944 Vestitu
818 1879 1038 1944 Sacerdotem
1066 1882 1235 1949 Hebraeo·

130 1980 636 2067 mm,pag.·390.videre1icet.
680 1979 746 2045 Cui
770 1981 931 2064 opinioni,
954 1991 1077 2066 praeter
1101 1984 1233 2052 Rhenu-

129 2105 220 2162 nnm,
236 2093 273 2149 et
288 2085 375 2149 alios
391 2083 567 2168 quosdam,
582 2083 734 2165 inprimis
756 2083 841 2148 favit
863 2084 1004 2166 Pighius
1026 2087 1061 2149 in
1083 2087 1233 2154 Hercule

130 2187 302 2252 Prodicio.
346 2186 413 2250 Sed
437 2186 559 2268 Pigbio
574 2185 705 2269 sejam
727 2188 888 2270 opposuit
909 2186 1031 2252 Iustus
1050 2188 1184 2273 Lipsius
1199 2183 1238 2256 iu¹
1268 2187 1271 2192 ’

130 2291 343 2358 Excursibus
359 2290 403 2354 ad
417 2288 530 2354 Taciti
545 2288 667 2353 Annal.
684 2305 741 2353 ιιι.
756 2290 991 2374 probavitque,
1013 2293 1150 2359 omnino
1166 2291 1232 2361 Eu·
1252 2284 1254 2289 ’

129 2394 276 2466 menium
287 2441 292 2449 .,
305 2391 488 2457 Rheturem
518 2389 754 2475 Augustoduni
767 2391 813 2455 >in
838 2391 963 2471 Gallia,
989 2408 1055 2458 non
1086 2415 1165 2461 vero
1188 2396 1234 2462 tid

131 2496 286 2561 Rhenum
303 2494 499 2579 Cliviopoli,
515 2495 702 2560 studiosam
723 2495 936 2579 juventutem
956 2496 1125 2562 docuisse.
1170 2495 1233 2565 At-

130 2617 195 2682 que
219 2596 284 2661 hoc
309 2596 361 2660 vel
385 2615 429 2660 ex
452 2597 560 2680 ipsius
578 2596 730 2661 Eumenii
746 2596 966 2682 Panegyricis
982 2600 1065 2663 satis
1081 2599 1234 2664 manifes-

129 2708 200 2765 tum
218 2705 294 2779 est3
316 2697 382 2763 uisi
397 2697 484 2764 forte
494 2699 684 2777 credamus,
700 2699 899 2763 Eumenium
907 2699 980 2783 jam
995 2706 1071 2775 ante
1086 2699 1233 2766 officium

130 2802 322 2870 Palatinum
346 2800 466 2866 Cliviis
488 2801 703 2866 instituendae
719 2802 802 2884 pubi
818 2821 960 2865 vacasse
974 2821 983 2880 ;
1007 2807 1124 2885 postca
1140 2820 1233 2881 vero,

129 2925 232 2989 quam
249 2906 435 2987 conspicua
450 2904 602 2988 magistri
619 2902 787 2968 memoriae
798 2902 957 2985 dignitate
967 2902 1102 2966 iunctus
1114 2901 1231 2977 iuerat,

129 3006 371 3090 Augustuduni
386 3004 586 3088 professoris
602 3004 716 3068 munia
735 3002 873 3081 obiisse,
888 3008 921 3066 et
936 3002 1144 3068 sublimioris
1155 3002 1235 3068 doc·
1273 2989 1275 2994 ¹

129 3109 225 3174 trinae
240 3113 356 3191 partes
372 3108 544 3172 docuisse.
589 3107 673 3172 Cum
699 3107 785 3171 enim
810 3125 855 3170 ex
880 3103 1068 3170 Constantii
1084 3103 1233 3170 Caesaris

129 3212 240 3277 literis
254 3216 380 3294 pateat,
396 3209 591 3274 Eumenium
602 3208 741 3292 jussum
761 3209 868 3273 fuisse
881 3207 1059 3272 oratoriam
1074 3206 1233 3291 professi·

127 3332 227 3378 onem
252 3319 418 3396 repetere3
451 3311 552 3377 facile
574 3311 699 3396 conjici
723 3315 850 3396 potest,
874 3310 968 3375 illum
989 3310 1064 3393 jam
1085 3316 1165 3375 ante
1191 3330 1234 3376 ca
1360 3340 1363 3347 ·

128 3422 285 3498 tempora
314 3414 437 3479 alicubi
467 3414 500 3477 in
531 3416 709 3498 juventute
738 3411 893 3477 docenda
921 3416 1088 3475 versatum
1117 3411 1233 3476 fuisse.

127 3517 255 3594 Taceo,
272 3515 362 3600 quod
379 3516 468 3581 idem
483 3515 595 3597 colligi
612 3520 714 3598 queat
734 3535 778 3580 ex
800 3513 895 3579 initio
920 3511 994 3596 ejus
1017 3511 1232 3597 Panegyrici,

127 3635 326 3704 quanquam
341 3618 384 3682 de
396 3618 614 3684 Cliviensium
625 3617 754 3681 scholis
768 3616 851 3681 nibil
861 3634 1007 3702 usquam
1019 3601 1234 3679 memoratur.

128 3721 299 3799 Ceterum,
316 3741 359 3786 an
376 3722 438 3785 illa
454 3740 532 3786 vera
553 3724 678 3796 statua,
702 3725 737 3784 et
761 3719 874 3799 imago
895 3716 1050 3782 Eumenii
1070 3715 1233 3779 Rhetoris

129 3825 189 3903 sit,
219 3842 321 3907 quam
350 3827 521 3888 ostentant
536 3820 658 3912 polivit,
677 3820 750 3904 jam
775 3840 839 3884 nou
867 3819 1013 3903 disputo.
1059 3815 1173 3898 Negat
1196 3816 1232 3879 id

128 3927 293 4011 Lipsius;
324 3933 423 4010 negat
447 3926 538 3990 idem
562 3925 743 3990 Braunius.
787 3923 858 3989 Hic
886 3913 975 3999 rero',
1000 3921 1078 3984 loco
1108 3919 1231 3984 citato:

127 4028 456 4096 ‘Persuasissimum
478 4027 559 4093 mibi
581 4024 655 4103 est,’
679 4026 800 4109 inquit,
816 4029 826 4059 ‘
844 4031 1002 4100 statuam,
1017 4039 1093 4104 quae
1109 4010 1231 4085 Cliviis

127 4133 163 4196 in
180 4131 260 4195 aula
275 4131 494 4213 conspicitur,
510 4149 576 4196 non
589 4129 697 4211 magis
709 4127 905 4195 Eumenium
918 4123 1113 4200 Rheturem,
1127 4140 1230 4207 quam

195 4247 318 4311 neura
332 4248 389 4299 var.
402 4248 467 4298 cra.
606 4247 699 4308 raneg.
713 4246 767 4297 va.
872 4217 874 4224 ’
1117 4238 1165 4288 ιι
