<?xml version="1.0" encoding="UTF-8"?>
<!DOCTYPE html PUBLIC "-//W3C//DTD XHTML 1.0 Transitional//EN"
    "http://www.w3.org/TR/xhtml1/DTD/xhtml1-transitional.dtd">
<html xmlns="http://www.w3.org/1999/xhtml" xml:lang="en" lang="en">
 <head>
  <title>
</title>
<meta http-equiv="Content-Type" content="text/html;charset=utf-8" />
  <meta name='ocr-system' content='tesseract 3.04.00' />
  <meta name='ocr-capabilities' content='ocr_page ocr_carea ocr_par ocr_line ocrx_word'/>
</head>
<body>
  <div class='ocr_page' id='page_1' title='image "./panegyriciveter01baungoog_0140.png"; bbox 0 0 2730 4726; ppageno 0'>
   <div class='ocr_carea' id='block_1_1' title="bbox 450 315 1206 388">
    <p class='ocr_par' dir='ltr' id='par_1_1' title="bbox 450 315 1206 388">
     <span class='ocr_line' id='line_1_1' title="bbox 450 315 1206 388; baseline 0.008 -9"><span class='ocrx_word' id='word_1_1' title='bbox 450 329 694 380; x_wconf 79' lang='lat' dir='ltr'><strong>unxrmrauo.</strong></span> <span class='ocrx_word' id='word_1_2' title='bbox 729 332 787 382; x_wconf 82' lang='grc' dir='ltr'><strong>ιιι.</strong></span> <span class='ocrx_word' id='word_1_3' title='bbox 803 315 857 380; x_wconf 91' lang='grc'><strong>19.</strong></span> <span class='ocrx_word' id='word_1_4' title='bbox 1118 321 1206 388; x_wconf 71' lang='lat'><strong>1227</strong></span> 
     </span>
    </p>
   </div>
   <div class='ocr_carea' id='block_1_2' title="bbox 95 475 1205 1894">
    <p class='ocr_par' dir='ltr' id='par_1_2' title="bbox 97 475 1205 970">
     <span class='ocr_line' id='line_1_2' title="bbox 98 475 1205 566; baseline 0.002 -21"><span class='ocrx_word' id='word_1_5' title='bbox 98 487 170 546; x_wconf 88' lang='lat' dir='ltr'><strong>tam</strong></span> <span class='ocrx_word' id='word_1_6' title='bbox 190 494 298 543; x_wconf 86' lang='lat' dir='ltr'><strong>noros</strong></span> <span class='ocrx_word' id='word_1_7' title='bbox 317 496 360 540; x_wconf 86' lang='lat' dir='ltr'><strong>ex</strong></span> <span class='ocrx_word' id='word_1_8' title='bbox 382 475 471 539; x_wconf 93' lang='lat' dir='ltr'><strong>omni</strong></span> <span class='ocrx_word' id='word_1_9' title='bbox 488 476 634 540; x_wconf 92' lang='lat' dir='ltr'><strong>hostium</strong></span> <span class='ocrx_word' id='word_1_10' title='bbox 650 483 766 557; x_wconf 85' lang='lat' dir='ltr'><strong>gene&#39;re</strong></span> <span class='ocrx_word' id='word_1_11' title='bbox 782 498 960 546; x_wconf 87' lang='lat' dir='ltr'><strong>successus</strong></span> <span class='ocrx_word' id='word_1_12' title='bbox 977 479 1108 547; x_wconf 85' lang='lat' dir='ltr'><strong>fortuna</strong></span> <span class='ocrx_word' id='word_1_13' title='bbox 1123 501 1205 566; x_wconf 87' lang='lat' dir='ltr'><strong>sup·</strong></span> 
     </span>
     <span class='ocr_line' id='line_1_3' title="bbox 99 577 1204 669; baseline 0.006 -23"><span class='ocrx_word' id='word_1_14' title='bbox 99 583 242 666; x_wconf 87' lang='lat' dir='ltr'><strong>peditat,</strong></span> <span class='ocrx_word' id='word_1_15' title='bbox 259 587 298 642; x_wconf 90' lang='lat' dir='ltr'><strong>ut</strong></span> <span class='ocrx_word' id='word_1_16' title='bbox 312 579 385 663; x_wconf 91' lang='lat' dir='ltr'><strong>jam</strong></span> <span class='ocrx_word' id='word_1_17' title='bbox 408 577 486 642; x_wconf 91' lang='lat' dir='ltr'><strong>mihi</strong></span> <span class='ocrx_word' id='word_1_18' title='bbox 506 596 644 642; x_wconf 87' lang='lat' dir='ltr'><strong>necesse</strong></span> <span class='ocrx_word' id='word_1_19' title='bbox 666 579 720 657; x_wconf 90' lang='lat' dir='ltr'><strong>sit,</strong></span> <span class='ocrx_word' id='word_1_20' title='bbox 734 580 805 655; x_wconf 89' lang='lat' dir='ltr'><strong>illa,</strong></span> <span class='ocrx_word' id='word_1_21' title='bbox 822 601 899 664; x_wconf 80' lang='lat' dir='ltr'><strong>quae</strong></span> <span class='ocrx_word' id='word_1_22' title='bbox 915 582 1012 648; x_wconf 90' lang='lat' dir='ltr'><strong>initio</strong></span> <span class='ocrx_word' id='word_1_23' title='bbox 1027 603 1204 669; x_wconf 88' lang='lat' dir='ltr'><strong>separave-</strong></span> 
     </span>
     <span class='ocr_line' id='line_1_4' title="bbox 97 680 1203 766; baseline 0.007 -20"><span class='ocrx_word' id='word_1_24' title='bbox 97 703 183 759; x_wconf 87' lang='lat' dir='ltr'><strong>ram,</strong></span> <span class='ocrx_word' id='word_1_25' title='bbox 198 701 314 745; x_wconf 87' lang='lat' dir='ltr'><strong>rursus</strong></span> <span class='ocrx_word' id='word_1_26' title='bbox 333 680 387 744; x_wconf 92' lang='lat' dir='ltr'><strong>hic</strong></span> <span class='ocrx_word' id='word_1_27' title='bbox 408 680 575 744; x_wconf 90' lang='lat' dir='ltr'><strong>communi</strong></span> <span class='ocrx_word' id='word_1_28' title='bbox 595 680 695 745; x_wconf 88' lang='lat' dir='ltr'><strong>laude</strong></span> <span class='ocrx_word' id='word_1_29' title='bbox 711 682 926 766; x_wconf 81' lang='lat' dir='ltr'><strong>conjungere,</strong></span> <span class='ocrx_word' id='word_1_30' title='bbox 943 685 1021 750; x_wconf 93' lang='lat' dir='ltr'><strong>dum</strong></span> <span class='ocrx_word' id='word_1_31' title='bbox 1038 691 1203 754; x_wconf 88' lang='lat' dir='ltr'><strong>tantorum</strong></span> 
     </span>
     <span class='ocr_line' id='line_1_5' title="bbox 97 783 1205 877; baseline 0.007 -29"><span class='ocrx_word' id='word_1_32' title='bbox 97 791 277 877; x_wconf 77' lang='lat' dir='ltr'>eventuum</span> <span class='ocrx_word' id='word_1_33' title='bbox 303 802 419 867; x_wconf 89' lang='lat' dir='ltr'><strong>quaero</strong></span> <span class='ocrx_word' id='word_1_34' title='bbox 444 783 619 847; x_wconf 87' lang='lat' dir='ltr'><strong>rationem.</strong></span> <span class='ocrx_word' id='word_1_35' title='bbox 662 785 695 847; x_wconf 79' lang='lat' dir='ltr'><strong>b.</strong></span> <span class='ocrx_word' id='word_1_36' title='bbox 718 783 926 852; x_wconf 84' lang='lat' dir='ltr'><strong>Felicitatem</strong></span> <span class='ocrx_word' id='word_1_37' title='bbox 948 786 1060 866; x_wconf 88' lang='lat' dir='ltr'><strong>istam,</strong></span> <span class='ocrx_word' id='word_1_38' title='bbox 1084 791 1205 873; x_wconf 90' lang='lat' dir='ltr'><strong>optimi</strong></span> 
     </span>
     <span class='ocr_line' id='line_1_6' title="bbox 97 883 675 970; baseline -0.005 -20"><span class='ocrx_word' id='word_1_39' title='bbox 97 886 339 970; x_wconf 67' lang='lat' dir='ltr'><strong>Imperatores</strong></span> <span class='ocrx_word' id='word_1_40' title='bbox 355 885 479 970; x_wconf 91' lang='lat' dir='ltr'><strong>pietate</strong></span> <span class='ocrx_word' id='word_1_41' title='bbox 494 883 675 948; x_wconf 87' lang='lat' dir='ltr'><strong>meruistis.</strong></span> 
     </span>
    </p>

    <p class='ocr_par' dir='ltr' id='par_1_3' title="bbox 95 986 1204 1894">
     <span class='ocr_line' id='line_1_7' title="bbox 145 986 1204 1071; baseline 0.008 -18"><span class='ocrx_word' id='word_1_42' title='bbox 145 989 235 1054; x_wconf 73' lang='lat' dir='ltr'><strong>Cae.</strong></span> <span class='ocrx_word' id='word_1_43' title='bbox 259 1004 346 1052; x_wconf 86' lang='lat' dir='ltr'><strong>xrx.</strong></span> <span class='ocrx_word' id='word_1_44' title='bbox 382 990 412 1051; x_wconf 90' lang='lat' dir='ltr'><strong>l.</strong></span> <span class='ocrx_word' id='word_1_45' title='bbox 436 986 572 1070; x_wconf 87' lang='lat' dir='ltr'><strong>Optime</strong></span> <span class='ocrx_word' id='word_1_46' title='bbox 596 987 704 1069; x_wconf 82' lang='lat' dir='ltr'><strong>igitur,</strong></span> <span class='ocrx_word' id='word_1_47' title='bbox 728 995 887 1071; x_wconf 89' lang='lat' dir='ltr'><strong>quantum</strong></span> <span class='ocrx_word' id='word_1_48' title='bbox 914 992 1067 1069; x_wconf 83' lang='lat' dir='ltr'><strong>arbitror,</strong></span> <span class='ocrx_word' id='word_1_49' title='bbox 1090 1013 1204 1061; x_wconf 88' lang='lat' dir='ltr'><strong>sacra·</strong></span> 
     </span>
     <span class='ocr_line' id='line_1_8' title="bbox 98 1090 1204 1177; baseline 0.006 -20"><span class='ocrx_word' id='word_1_50' title='bbox 98 1091 228 1157; x_wconf 85' lang='lat' dir='ltr'><strong>tissime</strong></span> <span class='ocrx_word' id='word_1_51' title='bbox 251 1091 450 1174; x_wconf 85' lang='lat' dir='ltr'><strong>Imperator,</strong></span> <span class='ocrx_word' id='word_1_52' title='bbox 466 1091 541 1155; x_wconf 89' lang='lat' dir='ltr'><strong>haec</strong></span> <span class='ocrx_word' id='word_1_53' title='bbox 557 1090 733 1173; x_wconf 88' lang='lat' dir='ltr'><strong>potissima</strong></span> <span class='ocrx_word' id='word_1_54' title='bbox 749 1091 845 1174; x_wconf 83' lang='lat' dir='ltr'><strong>elegi,</strong></span> <span class='ocrx_word' id='word_1_55' title='bbox 862 1113 937 1176; x_wconf 86' lang='lat' dir='ltr'><strong>quae</strong></span> <span class='ocrx_word' id='word_1_56' title='bbox 954 1097 1087 1177; x_wconf 89' lang='lat' dir='ltr'><strong>gemino</strong></span> <span class='ocrx_word' id='word_1_57' title='bbox 1102 1099 1204 1163; x_wconf 89' lang='lat' dir='ltr'><strong>natali</strong></span> 
     </span>
     <span class='ocr_line' id='line_1_9' title="bbox 97 1191 1203 1278; baseline 0.005 -20"><span class='ocrx_word' id='word_1_58' title='bbox 97 1201 179 1258; x_wconf 78' lang='lat' dir='ltr'><strong>tuor</strong></span> <span class='ocrx_word' id='word_1_59' title='bbox 202 1193 432 1278; x_wconf 86' lang='lat' dir='ltr'><strong>praedicarem.</strong></span> <span class='ocrx_word' id='word_1_60' title='bbox 475 1192 508 1257; x_wconf 78' lang='lat'><strong>2.</strong></span> <span class='ocrx_word' id='word_1_61' title='bbox 533 1191 664 1256; x_wconf 87' lang='lat' dir='ltr'><strong>Etenim</strong></span> <span class='ocrx_word' id='word_1_62' title='bbox 684 1198 801 1258; x_wconf 88' lang='lat' dir='ltr'><strong>ceterae</strong></span> <span class='ocrx_word' id='word_1_63' title='bbox 823 1194 975 1275; x_wconf 89' lang='lat' dir='ltr'><strong>virtutes,</strong></span> <span class='ocrx_word' id='word_1_64' title='bbox 991 1205 1027 1262; x_wconf 88' lang='lat' dir='ltr'><strong>et</strong></span> <span class='ocrx_word' id='word_1_65' title='bbox 1041 1198 1130 1263; x_wconf 89' lang='lat' dir='ltr'><strong>bona</strong></span> <span class='ocrx_word' id='word_1_66' title='bbox 1145 1219 1203 1264; x_wconf 92' lang='lat' dir='ltr'><strong>ce-</strong></span> 
     </span>
     <span class='ocr_line' id='line_1_10' title="bbox 96 1293 1203 1379; baseline 0.005 -19"><span class='ocrx_word' id='word_1_67' title='bbox 96 1304 171 1361; x_wconf 88' lang='lat' dir='ltr'><strong>tera</strong></span> <span class='ocrx_word' id='word_1_68' title='bbox 187 1317 348 1379; x_wconf 88' lang='lat' dir='ltr'><strong>processu</strong></span> <span class='ocrx_word' id='word_1_69' title='bbox 362 1296 475 1361; x_wconf 88' lang='lat' dir='ltr'><strong>aetatis</strong></span> <span class='ocrx_word' id='word_1_70' title='bbox 491 1295 661 1371; x_wconf 87' lang='lat' dir='ltr'><strong>eveniunt,</strong></span> <span class='ocrx_word' id='word_1_71' title='bbox 677 1293 834 1360; x_wconf 82' lang='lat' dir='ltr'><strong>fortitudo</strong></span> <span class='ocrx_word' id='word_1_72' title='bbox 850 1297 948 1362; x_wconf 90' lang='lat' dir='ltr'><strong>aunis</strong></span> <span class='ocrx_word' id='word_1_73' title='bbox 964 1299 1203 1366; x_wconf 86' lang='lat' dir='ltr'><strong>accedentibus</strong></span> 
     </span>
     <span class='ocr_line' id='line_1_11' title="bbox 95 1396 1203 1486; baseline 0.004 -23"><span class='ocrx_word' id='word_1_74' title='bbox 95 1399 292 1478; x_wconf 82' lang='lat' dir='ltr'><strong>roboratur3</strong></span> <span class='ocrx_word' id='word_1_75' title='bbox 315 1397 515 1463; x_wconf 87' lang='lat' dir='ltr'><strong>continentia</strong></span> <span class='ocrx_word' id='word_1_76' title='bbox 538 1396 728 1479; x_wconf 87' lang='lat' dir='ltr'><strong>disciplinae</strong></span> <span class='ocrx_word' id='word_1_77' title='bbox 752 1398 934 1482; x_wconf 85' lang='lat' dir='ltr'><strong>praeceptis</strong></span> <span class='ocrx_word' id='word_1_78' title='bbox 956 1401 1115 1482; x_wconf 83' lang='lat' dir='ltr'><strong>traditur3</strong></span> <span class='ocrx_word' id='word_1_79' title='bbox 1133 1401 1203 1486; x_wconf 91' lang='lat' dir='ltr'><strong>jus·</strong></span> 
     </span>
     <span class='ocr_line' id='line_1_12' title="bbox 96 1497 1201 1588; baseline 0.006 -24"><span class='ocrx_word' id='word_1_80' title='bbox 96 1500 175 1576; x_wconf 85' lang='lat' dir='ltr'><strong>titia</strong></span> <span class='ocrx_word' id='word_1_81' title='bbox 199 1501 392 1584; x_wconf 88' lang='lat' dir='ltr'><strong>cognitione</strong></span> <span class='ocrx_word' id='word_1_82' title='bbox 412 1500 499 1584; x_wconf 91' lang='lat' dir='ltr'><strong>juris</strong></span> <span class='ocrx_word' id='word_1_83' title='bbox 527 1497 733 1580; x_wconf 80' lang='lat' dir='ltr'><strong>addiscitur3</strong></span> <span class='ocrx_word' id='word_1_84' title='bbox 763 1499 841 1584; x_wconf 86' lang='lat' dir='ltr'><strong>ipsa</strong></span> <span class='ocrx_word' id='word_1_85' title='bbox 867 1502 1007 1588; x_wconf 89' lang='lat' dir='ltr'><strong>denique</strong></span> <span class='ocrx_word' id='word_1_86' title='bbox 1032 1504 1104 1584; x_wconf 90' lang='lat' dir='ltr'><strong>illa,··</strong></span> <span class='ocrx_word' id='word_1_87' title='bbox 1125 1524 1201 1588; x_wconf 86' lang='lat' dir='ltr'><strong>quae</strong></span> 
     </span>
     <span class='ocr_line' id='line_1_13' title="bbox 97 1600 1201 1693; baseline 0.008 -29"><span class='ocrx_word' id='word_1_88' title='bbox 97 1603 231 1668; x_wconf 82' lang='lat' dir='ltr'><strong>ridetur</strong></span> <span class='ocrx_word' id='word_1_89' title='bbox 251 1603 397 1667; x_wconf 87' lang='lat' dir='ltr'><strong>omnium</strong></span> <span class='ocrx_word' id='word_1_90' title='bbox 420 1621 530 1666; x_wconf 90' lang='lat' dir='ltr'><strong>rerum</strong></span> <span class='ocrx_word' id='word_1_91' title='bbox 551 1600 687 1665; x_wconf 89' lang='lat' dir='ltr'><strong>domina</strong></span> <span class='ocrx_word' id='word_1_92' title='bbox 707 1621 794 1679; x_wconf 87' lang='lat' dir='ltr'><strong>esse,</strong></span> <span class='ocrx_word' id='word_1_93' title='bbox 813 1604 1201 1693; x_wconf 80' lang='lat' dir='ltr'><strong>sapientia,&#39;perspectis</strong></span> 
     </span>
     <span class='ocr_line' id='line_1_14' title="bbox 95 1704 1202 1791; baseline 0.006 -22"><span class='ocrx_word' id='word_1_94' title='bbox 95 1706 243 1770; x_wconf 93' lang='lat' dir='ltr'><strong>omnium</strong></span> <span class='ocrx_word' id='word_1_95' title='bbox 257 1707 415 1784; x_wconf 87' lang='lat' dir='ltr'><strong>moribus,</strong></span> <span class='ocrx_word' id='word_1_96' title='bbox 427 1712 462 1771; x_wconf 89' lang='lat' dir='ltr'><strong>et</strong></span> <span class='ocrx_word' id='word_1_97' title='bbox 474 1704 662 1788; x_wconf 81' lang='lat' dir='ltr'><strong>exploratis</strong></span> <span class='ocrx_word' id='word_1_98' title='bbox 674 1725 784 1768; x_wconf 88' lang='lat' dir='ltr'><strong>rerum</strong></span> <span class='ocrx_word' id='word_1_99' title='bbox 797 1706 937 1772; x_wconf 88' lang='lat' dir='ltr'><strong>docetur</strong></span> <span class='ocrx_word' id='word_1_100' title='bbox 948 1711 1096 1791; x_wconf 80' lang='lat' dir='ltr'><strong>eventis3</strong></span> <span class='ocrx_word' id='word_1_101' title='bbox 1118 1712 1202 1776; x_wconf 85' lang='lat' dir='ltr'><strong>solae</strong></span> 
     </span>
     <span class='ocr_line' id='line_1_15' title="bbox 96 1806 1201 1894; baseline 0.007 -23"><span class='ocrx_word' id='word_1_102' title='bbox 96 1828 173 1872; x_wconf 90' lang='lat' dir='ltr'><strong>cnm</strong></span> <span class='ocrx_word' id='word_1_103' title='bbox 189 1808 405 1873; x_wconf 89' lang='lat' dir='ltr'><strong>nascentibus</strong></span> <span class='ocrx_word' id='word_1_104' title='bbox 420 1808 542 1892; x_wconf 91' lang='lat' dir='ltr'><strong>pariter</strong></span> <span class='ocrx_word' id='word_1_105' title='bbox 556 1806 704 1871; x_wconf 89' lang='lat' dir='ltr'><strong>oriuntur</strong></span> <span class='ocrx_word' id='word_1_106' title='bbox 717 1808 826 1891; x_wconf 90' lang='lat' dir='ltr'><strong>pietas</strong></span> <span class='ocrx_word' id='word_1_107' title='bbox 841 1815 941 1894; x_wconf 87' lang='lat' dir='ltr'><strong>atquo</strong></span> <span class='ocrx_word' id='word_1_108' title='bbox 959 1811 1119 1894; x_wconf 78' lang='lat' dir='ltr'><strong>felicitas3</strong></span> <span class='ocrx_word' id='word_1_109' title='bbox 1142 1832 1201 1879; x_wconf 83' lang='lat' dir='ltr'><strong>na·</strong></span> 
     </span>
    </p>
   </div>
   <div class='ocr_carea' id='block_1_3' title="bbox 559 1976 743 1999">
    <p class='ocr_par' dir='ltr' id='par_1_4' title="bbox 559 1976 743 1999">
     <span class='ocr_line' id='line_1_16' title="bbox 559 1976 743 1999; baseline 0.005 -1"><span class='ocrx_word' id='word_1_110' title='bbox 559 1976 743 1999; x_wconf 62' lang='lat' dir='ltr'><strong>”neuneu</strong></span> 
     </span>
    </p>
   </div>
   <div class='ocr_carea' id='block_1_4' title="bbox 88 2085 1201 3590">
    <p class='ocr_par' dir='ltr' id='par_1_5' title="bbox 88 2085 1201 3064">
     <span class='ocr_line' id='line_1_17' title="bbox 96 2085 1200 2154; baseline 0.002 -14"><span class='ocrx_word' id='word_1_111' title='bbox 96 2088 187 2141; x_wconf 83' lang='lat' dir='ltr'><strong>extitit</strong></span> <span class='ocrx_word' id='word_1_112' title='bbox 208 2089 328 2147; x_wconf 67' lang='lat' dir='ltr'><strong>Demitur</strong></span> <span class='ocrx_word' id='word_1_113' title='bbox 349 2102 406 2154; x_wconf 81' lang='lat' dir='ltr'><strong>quar</strong></span> <span class='ocrx_word' id='word_1_114' title='bbox 425 2101 474 2137; x_wconf 81' lang='lat' dir='ltr'><strong>rox</strong></span> <span class='ocrx_word' id='word_1_115' title='bbox 493 2086 565 2137; x_wconf 83' lang='lat' dir='ltr'><strong>nihili</strong></span> <span class='ocrx_word' id='word_1_116' title='bbox 586 2093 636 2136; x_wconf 85' lang='lat' dir='ltr'><strong>ert.</strong></span> <span class='ocrx_word' id='word_1_117' title='bbox 670 2085 706 2135; x_wconf 78' lang='lat' dir='ltr'><strong>At</strong></span> <span class='ocrx_word' id='word_1_118' title='bbox 722 2086 842 2136; x_wconf 83' lang='lat' dir='ltr'><strong>librarios</strong></span> <span class='ocrx_word' id='word_1_119' title='bbox 859 2088 938 2138; x_wconf 85' lang='lat' dir='ltr'><strong>nostri</strong></span> <span class='ocrx_word' id='word_1_120' title='bbox 954 2087 1050 2138; x_wconf 79' lang='lat' dir='ltr'><strong>codicis</strong></span> <span class='ocrx_word' id='word_1_121' title='bbox 1064 2089 1091 2139; x_wconf 90' lang='lat' dir='ltr'><strong>iu</strong></span> <span class='ocrx_word' id='word_1_122' title='bbox 1108 2089 1200 2143; x_wconf 86' lang='lat' dir='ltr'><strong>eadern</strong></span> 
     </span>
     <span class='ocr_line' id='line_1_18' title="bbox 96 2151 1200 2216; baseline 0.004 -12"><span class='ocrx_word' id='word_1_123' title='bbox 96 2171 172 2211; x_wconf 85' lang='lat' dir='ltr'><strong>voce,</strong></span> <span class='ocrx_word' id='word_1_124' title='bbox 183 2169 260 2213; x_wconf 86' lang='lat' dir='ltr'><strong>crmc,</strong></span> <span class='ocrx_word' id='word_1_125' title='bbox 272 2155 336 2203; x_wconf 80' lang='lat' dir='ltr'><strong>duas</strong></span> <span class='ocrx_word' id='word_1_126' title='bbox 348 2155 444 2214; x_wconf 81' lang='lat' dir='ltr'><strong>literas,</strong></span> <span class='ocrx_word' id='word_1_127' title='bbox 458 2168 504 2215; x_wconf 86' lang='lat' dir='ltr'><strong>rm,</strong></span> <span class='ocrx_word' id='word_1_128' title='bbox 516 2168 563 2216; x_wconf 92' lang='lat' dir='ltr'><strong>pro</strong></span> <span class='ocrx_word' id='word_1_129' title='bbox 574 2167 623 2208; x_wconf 83' lang='lat' dir='ltr'><strong>mn,</strong></span> <span class='ocrx_word' id='word_1_130' title='bbox 638 2151 739 2212; x_wconf 84' lang='lat' dir='ltr'><strong>babuit,</strong></span> <span class='ocrx_word' id='word_1_131' title='bbox 751 2162 829 2216; x_wconf 85' lang='lat' dir='ltr'><strong>atque</strong></span> <span class='ocrx_word' id='word_1_132' title='bbox 841 2153 909 2215; x_wconf 85' lang='lat' dir='ltr'><strong>inde,</strong></span> <span class='ocrx_word' id='word_1_133' title='bbox 919 2161 1033 2203; x_wconf 82' lang='lat' dir='ltr'><strong>assumta</strong></span> <span class='ocrx_word' id='word_1_134' title='bbox 1044 2155 1119 2205; x_wconf 86' lang='lat' dir='ltr'><strong>litera</strong></span> <span class='ocrx_word' id='word_1_135' title='bbox 1130 2159 1155 2213; x_wconf 86' lang='lat' dir='ltr'><strong>d,</strong></span> <span class='ocrx_word' id='word_1_136' title='bbox 1166 2172 1200 2208; x_wconf 85' lang='lat' dir='ltr'><strong>ex</strong></span> 
     </span>
     <span class='ocr_line' id='line_1_19' title="bbox 95 2213 1200 2286; baseline 0.001 -15"><span class='ocrx_word' id='word_1_137' title='bbox 95 2224 128 2271; x_wconf 83' lang='lat' dir='ltr'><strong>od</strong></span> <span class='ocrx_word' id='word_1_138' title='bbox 139 2218 240 2269; x_wconf 86' lang='lat' dir='ltr'><strong>effinxit</strong></span> <span class='ocrx_word' id='word_1_139' title='bbox 251 2221 346 2270; x_wconf 83' lang='lat' dir='ltr'><strong>domna.</strong></span> <span class='ocrx_word' id='word_1_140' title='bbox 373 2219 489 2269; x_wconf 87' lang='lat' dir='ltr'><strong>Verbum</strong></span> <span class='ocrx_word' id='word_1_141' title='bbox 506 2222 657 2278; x_wconf 69' lang='lat' dir='ltr'><strong>edecument,</strong></span> <span class='ocrx_word' id='word_1_142' title='bbox 674 2232 762 2266; x_wconf 83' lang='lat' dir='ltr'><strong>ornnes</strong></span> <span class='ocrx_word' id='word_1_143' title='bbox 783 2213 886 2267; x_wconf 73' lang='lat' dir='ltr'><strong>veteris</strong></span> <span class='ocrx_word' id='word_1_144' title='bbox 907 2219 976 2281; x_wconf 92' lang='lat' dir='ltr'><strong>libri,</strong></span> <span class='ocrx_word' id='word_1_145' title='bbox 994 2230 1092 2284; x_wconf 83' lang='lat' dir='ltr'><strong>praeter</strong></span> <span class='ocrx_word' id='word_1_146' title='bbox 1107 2223 1200 2286; x_wconf 84' lang='lat' dir='ltr'><strong>Cuspi·</strong></span> 
     </span>
     <span class='ocr_line' id='line_1_20' title="bbox 96 2282 1201 2349; baseline 0.002 -13"><span class='ocrx_word' id='word_1_147' title='bbox 96 2287 168 2336; x_wconf 85' lang='lat' dir='ltr'><strong>niani</strong></span> <span class='ocrx_word' id='word_1_148' title='bbox 189 2283 290 2348; x_wconf 78' lang='grc' dir='ltr'><strong>ἔκδοσιν,</strong></span> <span class='ocrx_word' id='word_1_149' title='bbox 309 2285 397 2333; x_wconf 79' lang='lat' dir='ltr'><strong>neseio</strong></span> <span class='ocrx_word' id='word_1_150' title='bbox 409 2298 466 2344; x_wconf 76' lang='lat' dir='ltr'><strong>nna</strong></span> <span class='ocrx_word' id='word_1_151' title='bbox 481 2297 514 2332; x_wconf 88' lang='lat' dir='ltr'><strong>ex</strong></span> <span class='ocrx_word' id='word_1_152' title='bbox 530 2298 617 2338; x_wconf 77' lang='lat' dir='ltr'><strong>carrea,</strong></span> <span class='ocrx_word' id='word_1_153' title='bbox 635 2282 754 2332; x_wconf 80' lang='lat' dir='ltr'><strong>omisere.</strong></span> <span class='ocrx_word' id='word_1_154' title='bbox 789 2285 911 2348; x_wconf 86' lang='lat' dir='ltr'><strong>Denique</strong></span> <span class='ocrx_word' id='word_1_155' title='bbox 929 2286 1018 2349; x_wconf 85' lang='lat' dir='ltr'><strong>inepta</strong></span> <span class='ocrx_word' id='word_1_156' title='bbox 1030 2287 1107 2336; x_wconf 85' lang='lat' dir='ltr'><strong>etiarn</strong></span> <span class='ocrx_word' id='word_1_157' title='bbox 1119 2288 1201 2338; x_wconf 90' lang='lat' dir='ltr'><strong>iuter·</strong></span> 
     </span>
     <span class='ocr_line' id='line_1_21' title="bbox 95 2348 1200 2415; baseline 0.003 -15"><span class='ocrx_word' id='word_1_158' title='bbox 95 2351 237 2415; x_wconf 85' lang='lat' dir='ltr'><strong>punctione</strong></span> <span class='ocrx_word' id='word_1_159' title='bbox 249 2348 565 2399; x_wconf 78' lang='lat' dir='ltr'><strong>sententiamManrertioi</strong></span> <span class='ocrx_word' id='word_1_160' title='bbox 583 2348 666 2397; x_wconf 83' lang='lat' dir='ltr'><strong>adbuc</strong></span> <span class='ocrx_word' id='word_1_161' title='bbox 678 2350 759 2397; x_wconf 89' lang='lat' dir='ltr'><strong>multo</strong></span> <span class='ocrx_word' id='word_1_162' title='bbox 776 2350 856 2412; x_wconf 79' lang='lat' dir='ltr'><strong>magia</strong></span> <span class='ocrx_word' id='word_1_163' title='bbox 873 2349 1064 2402; x_wconf 63' lang='lat' dir='ltr'><strong>obscurarunt!</strong></span> <span class='ocrx_word' id='word_1_164' title='bbox 1081 2353 1200 2404; x_wconf 70' lang='lat' dir='ltr'><strong>uatum</strong></span> 
     </span>
     <span class='ocr_line' id='line_1_22' title="bbox 97 2414 1200 2479; baseline 0.001 -12"><span class='ocrx_word' id='word_1_165' title='bbox 97 2417 212 2479; x_wconf 82' lang='lat' dir='ltr'><strong>Guelpb.</strong></span> <span class='ocrx_word' id='word_1_166' title='bbox 223 2415 310 2474; x_wconf 85' lang='lat' dir='ltr'><strong>babet,</strong></span> <span class='ocrx_word' id='word_1_167' title='bbox 318 2418 379 2479; x_wconf 81' lang='lat' dir='ltr'><strong>quod</strong></span> <span class='ocrx_word' id='word_1_168' title='bbox 389 2415 568 2478; x_wconf 77' lang='lat' dir='ltr'><strong>prosperitatem</strong></span> <span class='ocrx_word' id='word_1_169' title='bbox 578 2414 652 2463; x_wconf 77' lang='lat' dir='ltr'><strong>receti</strong></span> <span class='ocrx_word' id='word_1_170' title='bbox 662 2415 735 2462; x_wconf 76' lang='lat' dir='ltr'><strong>vestri</strong></span> <span class='ocrx_word' id='word_1_171' title='bbox 745 2415 855 2463; x_wconf 79' lang='lat' dir='ltr'><strong>certatim</strong></span> <span class='ocrx_word' id='word_1_172' title='bbox 865 2417 968 2464; x_wconf 81' lang='lat' dir='ltr'><strong>omnium</strong></span> <span class='ocrx_word' id='word_1_173' title='bbox 975 2416 1093 2466; x_wconf 77' lang='lat' dir='ltr'><strong>bominem</strong></span> <span class='ocrx_word' id='word_1_174' title='bbox 1100 2419 1200 2470; x_wconf 75' lang='lat' dir='ltr'><strong>circircu-</strong></span> 
     </span>
     <span class='ocr_line' id='line_1_23' title="bbox 88 2479 1200 2543; baseline 0 -9"><span class='ocrx_word' id='word_1_175' title='bbox 88 2484 147 2543; x_wconf 82' lang='lat' dir='ltr'><strong>sert</strong></span> <span class='ocrx_word' id='word_1_176' title='bbox 156 2482 266 2531; x_wconf 81' lang='lat' dir='ltr'><strong>barbaria</strong></span> <span class='ocrx_word' id='word_1_177' title='bbox 276 2483 428 2540; x_wconf 61' lang='lat' dir='ltr'><strong>damnarunt,</strong></span> <span class='ocrx_word' id='word_1_178' title='bbox 439 2481 480 2530; x_wconf 82' lang='lat' dir='ltr'><strong>sed</strong></span> <span class='ocrx_word' id='word_1_179' title='bbox 490 2479 608 2536; x_wconf 65' lang='lat' dir='ltr'><strong>invicem</strong></span> <span class='ocrx_word' id='word_1_180' title='bbox 625 2480 689 2527; x_wconf 84' lang='lat' dir='ltr'><strong>Erre.</strong></span> <span class='ocrx_word' id='word_1_181' title='bbox 701 2479 776 2527; x_wconf 83' lang='lat' dir='ltr'><strong>Voss.</strong></span> <span class='ocrx_word' id='word_1_182' title='bbox 787 2481 816 2528; x_wconf 86' lang='lat' dir='ltr'><strong>de</strong></span> <span class='ocrx_word' id='word_1_183' title='bbox 826 2481 984 2543; x_wconf 74' lang='lat' dir='ltr'><strong>prosperitate</strong></span> <span class='ocrx_word' id='word_1_184' title='bbox 993 2497 1014 2530; x_wconf 81' lang='lat' dir='ltr'><strong>e.</strong></span> <span class='ocrx_word' id='word_1_185' title='bbox 1025 2498 1048 2531; x_wconf 82' lang='lat' dir='ltr'><strong>e.</strong></span> <span class='ocrx_word' id='word_1_186' title='bbox 1059 2499 1081 2532; x_wconf 81' lang='lat' dir='ltr'><strong>c·</strong></span> <span class='ocrx_word' id='word_1_187' title='bbox 1090 2498 1112 2532; x_wconf 86' lang='lat' dir='ltr'><strong>o.</strong></span> <span class='ocrx_word' id='word_1_188' title='bbox 1125 2484 1200 2534; x_wconf 60' lang='lat' dir='ltr'><strong>hmi-</strong></span> 
     </span>
     <span class='ocr_line' id='line_1_24' title="bbox 95 2545 1199 2610; baseline 0.002 -14"><span class='ocrx_word' id='word_1_189' title='bbox 95 2563 154 2597; x_wconf 74' lang='lat' dir='ltr'><strong>num</strong></span> <span class='ocrx_word' id='word_1_190' title='bbox 164 2546 301 2607; x_wconf 75' lang='lat' dir='ltr'><strong>circumfert</strong></span> <span class='ocrx_word' id='word_1_191' title='bbox 313 2545 432 2596; x_wconf 83' lang='lat' dir='ltr'><strong>Barbaria</strong></span> <span class='ocrx_word' id='word_1_192' title='bbox 446 2547 547 2594; x_wconf 77' lang='lat' dir='ltr'><strong>ebruna.</strong></span> <span class='ocrx_word' id='word_1_193' title='bbox 571 2545 635 2594; x_wconf 77' lang='lat' dir='ltr'><strong>voc.</strong></span> <span class='ocrx_word' id='word_1_194' title='bbox 653 2545 746 2592; x_wconf 83' lang='lat' dir='ltr'><strong>clamne</strong></span> <span class='ocrx_word' id='word_1_195' title='bbox 756 2550 798 2593; x_wconf 82' lang='lat' dir='ltr'><strong>ert</strong></span> <span class='ocrx_word' id='word_1_196' title='bbox 808 2559 840 2593; x_wconf 86' lang='lat' dir='ltr'><strong>ex</strong></span> <span class='ocrx_word' id='word_1_197' title='bbox 851 2547 938 2595; x_wconf 80' lang='lat' dir='ltr'><strong>demna</strong></span> <span class='ocrx_word' id='word_1_198' title='bbox 949 2555 1110 2610; x_wconf 87' lang='lat' dir='ltr'><strong>corruptum.</strong></span> <span class='ocrx_word' id='word_1_199' title='bbox 1144 2550 1199 2598; x_wconf 90' lang='lat' dir='ltr'><strong>Pro</strong></span> 
     </span>
     <span class='ocr_line' id='line_1_25' title="bbox 95 2608 1201 2675; baseline 0 -13"><span class='ocrx_word' id='word_1_200' title='bbox 95 2611 213 2674; x_wconf 66' lang='lat' dir='ltr'><strong>cicerum,</strong></span> <span class='ocrx_word' id='word_1_201' title='bbox 224 2611 291 2675; x_wconf 88' lang='lat' dir='ltr'><strong>qnod</strong></span> <span class='ocrx_word' id='word_1_202' title='bbox 304 2611 428 2660; x_wconf 79' lang='lat' dir='ltr'><strong>exhibent</strong></span> <span class='ocrx_word' id='word_1_203' title='bbox 440 2609 550 2673; x_wconf 89' lang='lat' dir='ltr'><strong>Guelph.</strong></span> <span class='ocrx_word' id='word_1_204' title='bbox 565 2610 629 2658; x_wconf 82' lang='lat' dir='ltr'><strong>Erre.</strong></span> <span class='ocrx_word' id='word_1_205' title='bbox 640 2609 713 2657; x_wconf 77' lang='lat' dir='ltr'><strong>Voss.</strong></span> <span class='ocrx_word' id='word_1_206' title='bbox 725 2616 752 2657; x_wconf 81' lang='lat' dir='ltr'><strong>et</strong></span> <span class='ocrx_word' id='word_1_207' title='bbox 762 2608 823 2660; x_wconf 89' lang='lat' dir='ltr'><strong>edd.</strong></span> <span class='ocrx_word' id='word_1_208' title='bbox 841 2616 903 2660; x_wconf 85' lang='lat' dir='ltr'><strong>aute</strong></span> <span class='ocrx_word' id='word_1_209' title='bbox 919 2611 998 2662; x_wconf 83' lang='lat' dir='ltr'><strong>Grnt.</strong></span> <span class='ocrx_word' id='word_1_210' title='bbox 1013 2613 1090 2662; x_wconf 83' lang='lat' dir='ltr'><strong>eicere</strong></span> <span class='ocrx_word' id='word_1_211' title='bbox 1105 2612 1201 2675; x_wconf 67' lang='lat' dir='ltr'><strong>legitur</strong></span> 
     </span>
     <span class='ocr_line' id='line_1_26' title="bbox 96 2672 1201 2741; baseline 0.002 -15"><span class='ocrx_word' id='word_1_212' title='bbox 96 2678 124 2728; x_wconf 90' lang='lat' dir='ltr'><strong>in</strong></span> <span class='ocrx_word' id='word_1_213' title='bbox 135 2678 195 2726; x_wconf 88' lang='lat' dir='ltr'><strong>edd.</strong></span> <span class='ocrx_word' id='word_1_214' title='bbox 208 2681 368 2726; x_wconf 64' lang='lat' dir='ltr'><strong>recente-4</strong></span> <span class='ocrx_word' id='word_1_215' title='bbox 385 2672 454 2725; x_wconf 85' lang='lat' dir='ltr'><strong>Edd.</strong></span> <span class='ocrx_word' id='word_1_216' title='bbox 468 2682 533 2724; x_wconf 82' lang='lat' dir='ltr'><strong>vett.</strong></span> <span class='ocrx_word' id='word_1_217' title='bbox 543 2688 596 2722; x_wconf 80' lang='lat' dir='ltr'><strong>scor</strong></span> <span class='ocrx_word' id='word_1_218' title='bbox 606 2679 684 2723; x_wconf 80' lang='lat' dir='ltr'><strong>temere</strong></span> <span class='ocrx_word' id='word_1_219' title='bbox 695 2674 828 2724; x_wconf 74' lang='lat' dir='ltr'><strong>innuerem</strong></span> <span class='ocrx_word' id='word_1_220' title='bbox 835 2690 845 2734; x_wconf 79' lang='lat'><strong>,-</strong></span> <span class='ocrx_word' id='word_1_221' title='bbox 855 2675 969 2741; x_wconf 81' lang='lat' dir='ltr'><strong>Goelpb.</strong></span> <span class='ocrx_word' id='word_1_222' title='bbox 978 2678 1043 2727; x_wconf 79' lang='lat' dir='ltr'><strong>Erre·</strong></span> <span class='ocrx_word' id='word_1_223' title='bbox 1051 2679 1129 2728; x_wconf 81' lang='lat' dir='ltr'><strong>Voss.</strong></span> <span class='ocrx_word' id='word_1_224' title='bbox 1137 2679 1201 2729; x_wconf 82' lang='lat' dir='ltr'><strong>Vct.</strong></span> 
     </span>
     <span class='ocr_line' id='line_1_27' title="bbox 98 2739 1199 2805; baseline 0.002 -13"><span class='ocrx_word' id='word_1_225' title='bbox 98 2744 182 2792; x_wconf 80' lang='lat' dir='ltr'><strong>Lirin.</strong></span> <span class='ocrx_word' id='word_1_226' title='bbox 202 2742 293 2805; x_wconf 77' lang='lat' dir='ltr'><strong>Langii</strong></span> <span class='ocrx_word' id='word_1_227' title='bbox 309 2739 404 2790; x_wconf 84' lang='lat' dir='ltr'><strong>Sched.</strong></span> <span class='ocrx_word' id='word_1_228' title='bbox 420 2740 526 2803; x_wconf 77' lang='lat' dir='ltr'><strong>crispin.</strong></span> <span class='ocrx_word' id='word_1_229' title='bbox 541 2746 568 2788; x_wconf 88' lang='lat' dir='ltr'><strong>et</strong></span> <span class='ocrx_word' id='word_1_230' title='bbox 580 2740 698 2788; x_wconf 72' lang='lat' dir='ltr'><strong>tibenin.</strong></span> <span class='ocrx_word' id='word_1_231' title='bbox 715 2753 777 2790; x_wconf 80' lang='lat' dir='ltr'><strong>reor.</strong></span> <span class='ocrx_word' id='word_1_232' title='bbox 797 2740 864 2795; x_wconf 84' lang='lat' dir='ltr'><strong>Tum,</strong></span> <span class='ocrx_word' id='word_1_233' title='bbox 876 2743 919 2803; x_wconf 67' lang='lat' dir='ltr'><strong>tre.</strong></span> <span class='ocrx_word' id='word_1_234' title='bbox 941 2741 1056 2805; x_wconf 81' lang='lat' dir='ltr'><strong>Guelplr.</strong></span> <span class='ocrx_word' id='word_1_235' title='bbox 1067 2757 1125 2792; x_wconf 87' lang='lat' dir='ltr'><strong>com</strong></span> <span class='ocrx_word' id='word_1_236' title='bbox 1137 2744 1199 2794; x_wconf 89' lang='lat' dir='ltr'><strong>edd.</strong></span> 
     </span>
     <span class='ocr_line' id='line_1_28' title="bbox 96 2805 1199 2871; baseline 0.001 -14"><span class='ocrx_word' id='word_1_237' title='bbox 96 2808 203 2858; x_wconf 82' lang='lat' dir='ltr'><strong>Puteal.</strong></span> <span class='ocrx_word' id='word_1_238' title='bbox 214 2807 332 2856; x_wconf 86' lang='lat' dir='ltr'><strong>Rhenan.</strong></span> <span class='ocrx_word' id='word_1_239' title='bbox 344 2817 370 2854; x_wconf 89' lang='lat' dir='ltr'><strong>er</strong></span> <span class='ocrx_word' id='word_1_240' title='bbox 384 2806 472 2854; x_wconf 84' lang='lat' dir='ltr'><strong>Ririn.</strong></span> <span class='ocrx_word' id='word_1_241' title='bbox 483 2811 505 2854; x_wconf 91' lang='lat' dir='ltr'><strong>l.</strong></span> <span class='ocrx_word' id='word_1_242' title='bbox 513 2805 653 2855; x_wconf 74' lang='lat' dir='ltr'><strong>exennium</strong></span> <span class='ocrx_word' id='word_1_243' title='bbox 660 2805 770 2854; x_wconf 75' lang='lat' dir='ltr'><strong>boetium.</strong></span> <span class='ocrx_word' id='word_1_244' title='bbox 800 2806 928 2855; x_wconf 74' lang='lat' dir='ltr'><strong>Schwerr.</strong></span> <span class='ocrx_word' id='word_1_245' title='bbox 938 2813 966 2856; x_wconf 88' lang='lat' dir='ltr'><strong>et</strong></span> <span class='ocrx_word' id='word_1_246' title='bbox 977 2807 1199 2871; x_wconf 56' lang='lat' dir='ltr'><strong>ingerentem,</strong></span> 
     </span>
     <span class='ocr_line' id='line_1_29' title="bbox 95 2870 1199 2927; baseline -0.001 -5"><span class='ocrx_word' id='word_1_247' title='bbox 95 2874 127 2922; x_wconf 82' lang='lat' dir='ltr'><strong>ab</strong></span> <span class='ocrx_word' id='word_1_248' title='bbox 138 2874 217 2922; x_wconf 82' lang='lat' dir='ltr'><strong>initio.</strong></span> <span class='ocrx_word' id='word_1_249' title='bbox 251 2873 325 2926; x_wconf 84' lang='lat' dir='ltr'><strong>Mox,</strong></span> <span class='ocrx_word' id='word_1_250' title='bbox 342 2870 402 2920; x_wconf 89' lang='lat' dir='ltr'><strong>edd.</strong></span> <span class='ocrx_word' id='word_1_251' title='bbox 420 2877 484 2919; x_wconf 83' lang='lat' dir='ltr'><strong>vett.</strong></span> <span class='ocrx_word' id='word_1_252' title='bbox 499 2872 655 2919; x_wconf 83' lang='lat' dir='ltr'><strong>communium</strong></span> <span class='ocrx_word' id='word_1_253' title='bbox 672 2871 756 2927; x_wconf 84' lang='lat' dir='ltr'><strong>leude;</strong></span> <span class='ocrx_word' id='word_1_254' title='bbox 776 2870 836 2919; x_wconf 83' lang='lat' dir='ltr'><strong>Vet.</strong></span> <span class='ocrx_word' id='word_1_255' title='bbox 856 2871 938 2918; x_wconf 75' lang='lat' dir='ltr'><strong>lirin.</strong></span> <span class='ocrx_word' id='word_1_256' title='bbox 950 2871 1122 2921; x_wconf 79' lang='lat' dir='ltr'><strong>Sebrraniao.</strong></span> <span class='ocrx_word' id='word_1_257' title='bbox 1134 2874 1199 2924; x_wconf 80' lang='lat' dir='ltr'><strong>Exc.</strong></span> 
     </span>
     <span class='ocr_line' id='line_1_30' title="bbox 95 2935 1200 3000; baseline 0.002 -12"><span class='ocrx_word' id='word_1_258' title='bbox 95 2938 243 2988; x_wconf 85' lang='lat' dir='ltr'><strong>Schonhor.</strong></span> <span class='ocrx_word' id='word_1_259' title='bbox 258 2937 347 3000; x_wconf 77' lang='lat' dir='ltr'><strong>Langii</strong></span> <span class='ocrx_word' id='word_1_260' title='bbox 356 2935 449 2985; x_wconf 88' lang='lat' dir='ltr'><strong>Sched.</strong></span> <span class='ocrx_word' id='word_1_261' title='bbox 459 2935 564 2996; x_wconf 81' lang='lat' dir='ltr'><strong>Cuspio.</strong></span> <span class='ocrx_word' id='word_1_262' title='bbox 574 2935 651 2984; x_wconf 83' lang='lat' dir='ltr'><strong>Grnt.</strong></span> <span class='ocrx_word' id='word_1_263' title='bbox 662 2942 689 2983; x_wconf 89' lang='lat' dir='ltr'><strong>et</strong></span> <span class='ocrx_word' id='word_1_264' title='bbox 698 2939 809 2984; x_wconf 85' lang='lat' dir='ltr'><strong>recentt.</strong></span> <span class='ocrx_word' id='word_1_265' title='bbox 821 2938 937 2984; x_wconf 75' lang='lat' dir='ltr'><strong>communi</strong></span> <span class='ocrx_word' id='word_1_266' title='bbox 945 2938 1013 2986; x_wconf 84' lang='lat' dir='ltr'><strong>leude</strong></span> <span class='ocrx_word' id='word_1_267' title='bbox 1020 2952 1030 2994; x_wconf 93' lang='lat'><strong>,·</strong></span> <span class='ocrx_word' id='word_1_268' title='bbox 1048 2937 1113 2988; x_wconf 84' lang='lat' dir='ltr'><strong>Exc.</strong></span> <span class='ocrx_word' id='word_1_269' title='bbox 1122 2939 1200 2990; x_wconf 83' lang='lat' dir='ltr'><strong>Voss.</strong></span> 
     </span>
     <span class='ocr_line' id='line_1_31' title="bbox 95 2999 1190 3064; baseline -0.008 -12"><span class='ocrx_word' id='word_1_270' title='bbox 95 3005 217 3052; x_wconf 81' lang='lat' dir='ltr'><strong>bominum</strong></span> <span class='ocrx_word' id='word_1_271' title='bbox 226 3003 295 3051; x_wconf 83' lang='lat' dir='ltr'><strong>laude</strong></span> <span class='ocrx_word' id='word_1_272' title='bbox 301 3018 311 3058; x_wconf 93' lang='lat'><strong>,·</strong></span> <span class='ocrx_word' id='word_1_273' title='bbox 323 3001 437 3064; x_wconf 84' lang='lat' dir='ltr'><strong>Gnelplr.</strong></span> <span class='ocrx_word' id='word_1_274' title='bbox 450 3001 512 3049; x_wconf 80' lang='lat' dir='ltr'><strong>lomi</strong></span> <span class='ocrx_word' id='word_1_275' title='bbox 521 3001 599 3049; x_wconf 84' lang='lat' dir='ltr'><strong>tonde.</strong></span> <span class='ocrx_word' id='word_1_276' title='bbox 627 2999 695 3048; x_wconf 84' lang='lat' dir='ltr'><strong>Vide</strong></span> <span class='ocrx_word' id='word_1_277' title='bbox 709 3001 786 3049; x_wconf 89' lang='lat' dir='ltr'><strong>Nott.</strong></span> <span class='ocrx_word' id='word_1_278' title='bbox 798 3000 875 3048; x_wconf 87' lang='lat' dir='ltr'><strong>Varr.</strong></span> <span class='ocrx_word' id='word_1_279' title='bbox 1187 3035 1190 3043; x_wconf 90' lang='lat'><em>.</em></span> 
     </span>
    </p>

    <p class='ocr_par' dir='ltr' id='par_1_6' title="bbox 93 3064 1200 3590">
     <span class='ocr_line' id='line_1_32' title="bbox 129 3064 1192 3130; baseline 0.001 -12"><span class='ocrx_word' id='word_1_280' title='bbox 129 3069 198 3118; x_wconf 71' lang='lat' dir='ltr'><strong>Cae.</strong></span> <span class='ocrx_word' id='word_1_281' title='bbox 216 3079 276 3116; x_wconf 83' lang='lat' dir='ltr'><strong>xrrr.</strong></span> <span class='ocrx_word' id='word_1_282' title='bbox 295 3071 306 3115; x_wconf 89' lang='lat' dir='ltr'><strong>l</strong></span> <span class='ocrx_word' id='word_1_283' title='bbox 328 3066 395 3115; x_wconf 84' lang='lat' dir='ltr'><strong>Edd.</strong></span> <span class='ocrx_word' id='word_1_284' title='bbox 413 3066 596 3130; x_wconf 63' lang='lat' dir='ltr'><strong>coemptione</strong></span> <span class='ocrx_word' id='word_1_285' title='bbox 611 3064 698 3125; x_wconf 73' lang='lat' dir='ltr'><strong>igitur,</strong></span> <span class='ocrx_word' id='word_1_286' title='bbox 715 3079 781 3113; x_wconf 78' lang='lat' dir='ltr'><strong>ancer</strong></span> <span class='ocrx_word' id='word_1_287' title='bbox 799 3065 938 3127; x_wconf 82' lang='lat' dir='ltr'><strong>imperator,</strong></span> <span class='ocrx_word' id='word_1_288' title='bbox 955 3071 1069 3127; x_wconf 79' lang='lat' dir='ltr'><strong>quantem</strong></span> <span class='ocrx_word' id='word_1_289' title='bbox 1086 3067 1192 3119; x_wconf 76' lang='lat' dir='ltr'><strong>arbitror</strong></span> 
     </span>
     <span class='ocr_line' id='line_1_33' title="bbox 94 3128 1200 3198; baseline 0.001 -15"><span class='ocrx_word' id='word_1_290' title='bbox 94 3135 249 3183; x_wconf 83' lang='lat' dir='ltr'><strong>Lectiooem</strong></span> <span class='ocrx_word' id='word_1_291' title='bbox 266 3141 381 3180; x_wconf 77' lang='lat' dir='ltr'><strong>nostram</strong></span> <span class='ocrx_word' id='word_1_292' title='bbox 394 3130 517 3179; x_wconf 77' lang='lat' dir='ltr'><strong>exlribent</strong></span> <span class='ocrx_word' id='word_1_293' title='bbox 528 3128 586 3180; x_wconf 81' lang='lat' dir='ltr'><strong>cod.</strong></span> <span class='ocrx_word' id='word_1_294' title='bbox 596 3129 769 3179; x_wconf 83' lang='lat' dir='ltr'><strong>Schwareian.</strong></span> <span class='ocrx_word' id='word_1_295' title='bbox 786 3137 813 3178; x_wconf 84' lang='lat' dir='ltr'><strong>et</strong></span> <span class='ocrx_word' id='word_1_296' title='bbox 829 3129 898 3180; x_wconf 86' lang='lat' dir='ltr'><strong>Gud.</strong></span> <span class='ocrx_word' id='word_1_297' title='bbox 910 3134 934 3178; x_wconf 80' lang='lat'><strong>2.</strong></span> <span class='ocrx_word' id='word_1_298' title='bbox 961 3133 1117 3182; x_wconf 79' lang='lat' dir='ltr'><strong>sacratissimi</strong></span> <span class='ocrx_word' id='word_1_299' title='bbox 1127 3135 1200 3198; x_wconf 87' lang='lat' dir='ltr'><strong>impe·</strong></span> 
     </span>
     <span class='ocr_line' id='line_1_34' title="bbox 93 3194 1198 3263; baseline 0.002 -16"><span class='ocrx_word' id='word_1_300' title='bbox 93 3204 189 3248; x_wconf 81' lang='lat' dir='ltr'><strong>ratores</strong></span> <span class='ocrx_word' id='word_1_301' title='bbox 200 3198 314 3259; x_wconf 81' lang='lat' dir='ltr'><strong>Guelptr.</strong></span> <span class='ocrx_word' id='word_1_302' title='bbox 327 3205 354 3244; x_wconf 91' lang='lat' dir='ltr'><strong>et</strong></span> <span class='ocrx_word' id='word_1_303' title='bbox 368 3197 432 3245; x_wconf 80' lang='lat' dir='ltr'><strong>Eric.</strong></span> <span class='ocrx_word' id='word_1_304' title='bbox 442 3196 517 3244; x_wconf 82' lang='lat' dir='ltr'><strong>Voss.</strong></span> <span class='ocrx_word' id='word_1_305' title='bbox 553 3195 606 3243; x_wconf 87' lang='lat' dir='ltr'><strong>Pro</strong></span> <span class='ocrx_word' id='word_1_306' title='bbox 615 3196 719 3256; x_wconf 76' lang='lat' dir='ltr'><strong>gemino,</strong></span> <span class='ocrx_word' id='word_1_307' title='bbox 732 3195 839 3257; x_wconf 85' lang='lat' dir='ltr'><strong>Cuspio.</strong></span> <span class='ocrx_word' id='word_1_308' title='bbox 851 3194 927 3243; x_wconf 86' lang='lat' dir='ltr'><strong>habet</strong></span> <span class='ocrx_word' id='word_1_309' title='bbox 938 3196 1051 3257; x_wconf 79' lang='lat' dir='ltr'><strong>genuino,</strong></span> <span class='ocrx_word' id='word_1_310' title='bbox 1063 3199 1130 3262; x_wconf 85' lang='lat' dir='ltr'><strong>quod</strong></span> <span class='ocrx_word' id='word_1_311' title='bbox 1144 3201 1198 3263; x_wconf 88' lang='lat' dir='ltr'><strong>pla·</strong></span> 
     </span>
     <span class='ocr_line' id='line_1_35' title="bbox 95 3258 1199 3325; baseline 0.004 -13"><span class='ocrx_word' id='word_1_312' title='bbox 95 3264 175 3319; x_wconf 79' lang='lat' dir='ltr'><strong>cebet</strong></span> <span class='ocrx_word' id='word_1_313' title='bbox 186 3263 262 3312; x_wconf 87' lang='lat' dir='ltr'><strong>etiarn</strong></span> <span class='ocrx_word' id='word_1_314' title='bbox 276 3260 438 3311; x_wconf 82' lang='lat' dir='ltr'><strong>Gotboiredo</strong></span> <span class='ocrx_word' id='word_1_315' title='bbox 451 3259 482 3308; x_wconf 84' lang='lat' dir='ltr'><strong>ad</strong></span> <span class='ocrx_word' id='word_1_316' title='bbox 501 3258 566 3309; x_wconf 89' lang='lat' dir='ltr'><strong>Cod.</strong></span> <span class='ocrx_word' id='word_1_317' title='bbox 583 3259 757 3308; x_wconf 73' lang='lat' dir='ltr'><strong>Theodec-n</strong></span> <span class='ocrx_word' id='word_1_318' title='bbox 775 3261 828 3308; x_wconf 90' lang='lat' dir='ltr'><strong>Pro</strong></span> <span class='ocrx_word' id='word_1_319' title='bbox 838 3260 980 3321; x_wconf 79' lang='lat' dir='ltr'><strong>addiscitur,</strong></span> <span class='ocrx_word' id='word_1_320' title='bbox 990 3261 1058 3325; x_wconf 86' lang='lat' dir='ltr'><strong>quod</strong></span> <span class='ocrx_word' id='word_1_321' title='bbox 1072 3264 1199 3317; x_wconf 85' lang='lat' dir='ltr'><strong>exhibent</strong></span> 
     </span>
     <span class='ocr_line' id='line_1_36' title="bbox 93 3323 1199 3391; baseline 0.004 -13"><span class='ocrx_word' id='word_1_322' title='bbox 93 3328 155 3378; x_wconf 92' lang='lat' dir='ltr'><strong>cod.</strong></span> <span class='ocrx_word' id='word_1_323' title='bbox 170 3329 282 3391; x_wconf 82' lang='lat' dir='ltr'><strong>Grrelplr·</strong></span> <span class='ocrx_word' id='word_1_324' title='bbox 300 3328 364 3376; x_wconf 81' lang='lat' dir='ltr'><strong>Ere.</strong></span> <span class='ocrx_word' id='word_1_325' title='bbox 376 3326 453 3374; x_wconf 83' lang='lat' dir='ltr'><strong>Voss.</strong></span> <span class='ocrx_word' id='word_1_326' title='bbox 467 3325 527 3374; x_wconf 80' lang='lat' dir='ltr'><strong>Vet.</strong></span> <span class='ocrx_word' id='word_1_327' title='bbox 540 3325 652 3374; x_wconf 86' lang='lat' dir='ltr'><strong>Putenn.</strong></span> <span class='ocrx_word' id='word_1_328' title='bbox 670 3325 733 3373; x_wconf 84' lang='lat' dir='ltr'><strong>Ver.</strong></span> <span class='ocrx_word' id='word_1_329' title='bbox 748 3323 830 3373; x_wconf 85' lang='lat' dir='ltr'><strong>Livio.</strong></span> <span class='ocrx_word' id='word_1_330' title='bbox 846 3325 948 3377; x_wconf 83' lang='lat' dir='ltr'><strong>Berlin.</strong></span> <span class='ocrx_word' id='word_1_331' title='bbox 959 3326 1067 3390; x_wconf 75' lang='lat' dir='ltr'><strong>Cuspio.</strong></span> <span class='ocrx_word' id='word_1_332' title='bbox 1080 3329 1157 3379; x_wconf 83' lang='lat' dir='ltr'><strong>Grut.</strong></span> <span class='ocrx_word' id='word_1_333' title='bbox 1170 3337 1199 3381; x_wconf 84' lang='lat' dir='ltr'><strong>et</strong></span> 
     </span>
     <span class='ocr_line' id='line_1_37' title="bbox 96 3387 1197 3454; baseline 0.003 -11"><span class='ocrx_word' id='word_1_334' title='bbox 96 3401 211 3443; x_wconf 82' lang='lat' dir='ltr'><strong>recentt.</strong></span> <span class='ocrx_word' id='word_1_335' title='bbox 236 3393 343 3442; x_wconf 82' lang='lat' dir='ltr'><strong>adscitur</strong></span> <span class='ocrx_word' id='word_1_336' title='bbox 363 3392 459 3454; x_wconf 78' lang='lat' dir='ltr'><strong>legitur</strong></span> <span class='ocrx_word' id='word_1_337' title='bbox 475 3389 501 3438; x_wconf 91' lang='lat' dir='ltr'><strong>iu</strong></span> <span class='ocrx_word' id='word_1_338' title='bbox 521 3387 582 3439; x_wconf 80' lang='lat' dir='ltr'><strong>edd·</strong></span> <span class='ocrx_word' id='word_1_339' title='bbox 599 3389 704 3438; x_wconf 89' lang='lat' dir='ltr'><strong>Puteoi.</strong></span> <span class='ocrx_word' id='word_1_340' title='bbox 730 3389 797 3438; x_wconf 87' lang='lat' dir='ltr'><strong>Nar.</strong></span> <span class='ocrx_word' id='word_1_341' title='bbox 822 3389 938 3439; x_wconf 82' lang='lat' dir='ltr'><strong>Rheonn.</strong></span> <span class='ocrx_word' id='word_1_342' title='bbox 958 3391 1044 3442; x_wconf 86' lang='lat' dir='ltr'><strong>Duae.</strong></span> <span class='ocrx_word' id='word_1_343' title='bbox 1065 3402 1092 3442; x_wconf 91' lang='lat' dir='ltr'><strong>et</strong></span> <span class='ocrx_word' id='word_1_344' title='bbox 1112 3395 1197 3448; x_wconf 83' lang='lat' dir='ltr'><strong>Lirin.</strong></span> 
     </span>
     <span class='ocr_line' id='line_1_38' title="bbox 93 3454 1198 3519; baseline 0.003 -11"><span class='ocrx_word' id='word_1_345' title='bbox 93 3473 176 3508; x_wconf 83' lang='lat' dir='ltr'><strong>rerum</strong></span> <span class='ocrx_word' id='word_1_346' title='bbox 193 3461 295 3507; x_wconf 74' lang='lat' dir='ltr'><strong>omnium</strong></span> <span class='ocrx_word' id='word_1_347' title='bbox 312 3458 375 3506; x_wconf 82' lang='lat' dir='ltr'><strong>Vet.</strong></span> <span class='ocrx_word' id='word_1_348' title='bbox 395 3455 480 3504; x_wconf 85' lang='lat' dir='ltr'><strong>Lirin.</strong></span> <span class='ocrx_word' id='word_1_349' title='bbox 506 3456 634 3518; x_wconf 78' lang='lat' dir='ltr'><strong>perspectis</strong></span> <span class='ocrx_word' id='word_1_350' title='bbox 654 3454 775 3503; x_wconf 77' lang='lat' dir='ltr'><strong>bominum</strong></span> <span class='ocrx_word' id='word_1_351' title='bbox 792 3454 894 3504; x_wconf 64' lang='lat' dir='ltr'><strong>icombus</strong></span> <span class='ocrx_word' id='word_1_352' title='bbox 910 3456 977 3519; x_wconf 80' lang='lat' dir='ltr'><strong>conj.</strong></span> <span class='ocrx_word' id='word_1_353' title='bbox 993 3458 1079 3506; x_wconf 82' lang='lat' dir='ltr'><strong>Liria.</strong></span> <span class='ocrx_word' id='word_1_354' title='bbox 1094 3468 1121 3509; x_wconf 87' lang='lat' dir='ltr'><strong>et</strong></span> <span class='ocrx_word' id='word_1_355' title='bbox 1135 3462 1198 3512; x_wconf 79' lang='lat' dir='ltr'><strong>Pur.</strong></span> 
     </span>
     <span class='ocr_line' id='line_1_39' title="bbox 94 3517 1197 3590; baseline 0.004 -16"><span class='ocrx_word' id='word_1_356' title='bbox 94 3524 215 3574; x_wconf 73' lang='lat' dir='ltr'><strong>tamtam</strong></span> <span class='ocrx_word' id='word_1_357' title='bbox 224 3522 336 3584; x_wconf 81' lang='lat' dir='ltr'><strong>moriter,</strong></span> <span class='ocrx_word' id='word_1_358' title='bbox 347 3522 399 3583; x_wconf 83' lang='lat' dir='ltr'><strong>rel,</strong></span> <span class='ocrx_word' id='word_1_359' title='bbox 408 3521 512 3570; x_wconf 79' lang='lat' dir='ltr'><strong>amnium</strong></span> <span class='ocrx_word' id='word_1_360' title='bbox 520 3519 621 3570; x_wconf 80' lang='lat' dir='ltr'><strong>motibus</strong></span> <span class='ocrx_word' id='word_1_361' title='bbox 633 3517 734 3569; x_wconf 78' lang='lat' dir='ltr'><strong>Acidal.</strong></span> <span class='ocrx_word' id='word_1_362' title='bbox 761 3517 791 3567; x_wconf 75' lang='lat' dir='ltr'><strong>ab</strong></span> <span class='ocrx_word' id='word_1_363' title='bbox 801 3519 919 3569; x_wconf 79' lang='lat' dir='ltr'><strong>bominum</strong></span> <span class='ocrx_word' id='word_1_364' title='bbox 930 3521 955 3570; x_wconf 89' lang='lat' dir='ltr'><strong>in</strong></span> <span class='ocrx_word' id='word_1_365' title='bbox 965 3529 1065 3573; x_wconf 82' lang='lat' dir='ltr'><strong>textum</strong></span> <span class='ocrx_word' id='word_1_366' title='bbox 1073 3539 1197 3590; x_wconf 87' lang='lat' dir='ltr'><strong>recepere</strong></span> 
     </span>
    </p>
   </div>
   <div class='ocr_carea' id='block_1_5' title="bbox 594 3668 701 3719">
    <p class='ocr_par' dir='ltr' id='par_1_7' title="bbox 594 3668 701 3719">
     <span class='ocr_line' id='line_1_40' title="bbox 594 3668 701 3719; baseline -0.009 0"><span class='ocrx_word' id='word_1_367' title='bbox 594 3668 701 3719; x_wconf 82' lang='lat' dir='ltr'>NOTAE</span> 
     </span>
    </p>
   </div>
   <div class='ocr_carea' id='block_1_6' title="bbox 93 3765 1197 4292">
    <p class='ocr_par' dir='ltr' id='par_1_8' title="bbox 93 3765 1197 4292">
     <span class='ocr_line' id='line_1_41' title="bbox 129 3765 1197 3830; baseline 0.002 -9"><span class='ocrx_word' id='word_1_368' title='bbox 129 3769 259 3820; x_wconf 70' lang='lat' dir='ltr'><strong>&#39;Gannico</strong></span> <span class='ocrx_word' id='word_1_369' title='bbox 274 3767 350 3818; x_wconf 82' lang='lat' dir='ltr'><strong>natali</strong></span> <span class='ocrx_word' id='word_1_370' title='bbox 361 3767 414 3830; x_wconf 87' lang='lat' dir='ltr'><strong>tuo]</strong></span> <span class='ocrx_word' id='word_1_371' title='bbox 433 3767 484 3817; x_wconf 80' lang='lat' dir='ltr'><strong>Alii</strong></span> <span class='ocrx_word' id='word_1_372' title='bbox 496 3767 586 3817; x_wconf 89' lang='lat' dir='ltr'><strong>delent</strong></span> <span class='ocrx_word' id='word_1_373' title='bbox 597 3767 625 3816; x_wconf 90' lang='lat' dir='ltr'><strong>il·</strong></span> <span class='ocrx_word' id='word_1_374' title='bbox 667 3765 732 3816; x_wconf 86' lang='lat' dir='ltr'><strong>adeo</strong></span> <span class='ocrx_word' id='word_1_375' title='bbox 765 3765 891 3815; x_wconf 86' lang='lat' dir='ltr'><strong>iratribus</strong></span> <span class='ocrx_word' id='word_1_376' title='bbox 925 3767 1009 3816; x_wconf 84' lang='lat' dir='ltr'><strong>omnia</strong></span> <span class='ocrx_word' id='word_1_377' title='bbox 1042 3771 1197 3823; x_wconf 84' lang='lat' dir='ltr'><strong>commonia.</strong></span> 
     </span>
     <span class='ocr_line' id='line_1_42' title="bbox 94 3841 1197 3911; baseline 0.002 -15"><span class='ocrx_word' id='word_1_378' title='bbox 94 3847 140 3896; x_wconf 92' lang='lat' dir='ltr'><strong>lud</strong></span> <span class='ocrx_word' id='word_1_379' title='bbox 153 3853 211 3906; x_wconf 88' lang='lat' dir='ltr'><strong>tuo,·</strong></span> <span class='ocrx_word' id='word_1_380' title='bbox 227 3848 272 3897; x_wconf 89' lang='lat' dir='ltr'><strong>alii</strong></span> <span class='ocrx_word' id='word_1_381' title='bbox 289 3848 432 3897; x_wconf 81' lang='lat' dir='ltr'><strong>restituunt</strong></span> <span class='ocrx_word' id='word_1_382' title='bbox 449 3853 535 3896; x_wconf 76' lang='lat' dir='ltr'><strong>oestro.</strong></span> <span class='ocrx_word' id='word_1_383' title='bbox 569 3845 625 3907; x_wconf 81' lang='lat' dir='ltr'><strong>Ego</strong></span> <span class='ocrx_word' id='word_1_384' title='bbox 666 3841 850 3891; x_wconf 74' lang='lat' dir='ltr'><strong>Maximianum</strong></span> <span class='ocrx_word' id='word_1_385' title='bbox 863 3842 994 3906; x_wconf 85' lang='lat' dir='ltr'><strong>eninr,qui</strong></span> <span class='ocrx_word' id='word_1_386' title='bbox 1011 3844 1078 3892; x_wconf 82' lang='lat' dir='ltr'><strong>solus</strong></span> <span class='ocrx_word' id='word_1_387' title='bbox 1096 3846 1197 3911; x_wconf 82' lang='lat' dir='ltr'><strong>aderet,</strong></span> 
     </span>
     <span class='ocr_line' id='line_1_43' title="bbox 93 3919 1196 3986; baseline -0.008 -13"><span class='ocrx_word' id='word_1_388' title='bbox 93 3924 135 3973; x_wconf 84' lang='lat' dir='ltr'><strong>rie</strong></span> <span class='ocrx_word' id='word_1_389' title='bbox 146 3923 263 3986; x_wconf 82' lang='lat' dir='ltr'><strong>explico:</strong></span> <span class='ocrx_word' id='word_1_390' title='bbox 277 3924 343 3971; x_wconf 90' lang='lat' dir='ltr'><strong>diem</strong></span> <span class='ocrx_word' id='word_1_391' title='bbox 353 3922 424 3971; x_wconf 90' lang='lat' dir='ltr'><strong>illum</strong></span> <span class='ocrx_word' id='word_1_392' title='bbox 435 3921 532 3985; x_wconf 84' lang='lat' dir='ltr'><strong>duplici</strong></span> <span class='ocrx_word' id='word_1_393' title='bbox 545 3921 625 3970; x_wconf 86' lang='lat' dir='ltr'><strong>nomi·</strong></span> <span class='ocrx_word' id='word_1_394' title='bbox 667 3919 822 3984; x_wconf 78' lang='lat' dir='ltr'><strong>alloquitur3</strong></span> <span class='ocrx_word' id='word_1_395' title='bbox 838 3919 911 3983; x_wconf 84' lang='lat' dir='ltr'><strong>cujus</strong></span> <span class='ocrx_word' id='word_1_396' title='bbox 926 3921 1039 3968; x_wconf 86' lang='lat' dir='ltr'><strong>natalem</strong></span> <span class='ocrx_word' id='word_1_397' title='bbox 1052 3935 1106 3969; x_wconf 83' lang='lat' dir='ltr'><strong>esse</strong></span> <span class='ocrx_word' id='word_1_398' title='bbox 1116 3925 1196 3985; x_wconf 79' lang='lat' dir='ltr'><strong>gerni.</strong></span> 
     </span>
     <span class='ocr_line' id='line_1_44' title="bbox 94 3996 1197 4062; baseline 0 -12"><span class='ocrx_word' id='word_1_399' title='bbox 94 4014 129 4050; x_wconf 87' lang='lat' dir='ltr'><strong>ne</strong></span> <span class='ocrx_word' id='word_1_400' title='bbox 146 4000 299 4050; x_wconf 80' lang='lat' dir='ltr'><strong>Maximiani</strong></span> <span class='ocrx_word' id='word_1_401' title='bbox 318 3999 428 4048; x_wconf 87' lang='lat' dir='ltr'><strong>natalem</strong></span> <span class='ocrx_word' id='word_1_402' title='bbox 444 3997 506 4059; x_wconf 90' lang='lat' dir='ltr'><strong>dici,</strong></span> <span class='ocrx_word' id='word_1_403' title='bbox 517 4005 545 4047; x_wconf 88' lang='lat' dir='ltr'><strong>et</strong></span> <span class='ocrx_word' id='word_1_404' title='bbox 557 3997 625 4062; x_wconf 90' lang='lat' dir='ltr'><strong>quod</strong></span> <span class='ocrx_word' id='word_1_405' title='bbox 666 4011 726 4045; x_wconf 89' lang='lat' dir='ltr'><strong>num</strong></span> <span class='ocrx_word' id='word_1_406' title='bbox 740 3996 814 4058; x_wconf 87' lang='lat' dir='ltr'><strong>dicit,</strong></span> <span class='ocrx_word' id='word_1_407' title='bbox 827 3997 887 4058; x_wconf 84' lang='lat' dir='ltr'><strong>qrria</strong></span> <span class='ocrx_word' id='word_1_408' title='bbox 902 3996 1001 4059; x_wconf 84' lang='lat' dir='ltr'><strong>pariter</strong></span> <span class='ocrx_word' id='word_1_409' title='bbox 1018 4003 1076 4046; x_wconf 89' lang='lat' dir='ltr'><strong>erat</strong></span> <span class='ocrx_word' id='word_1_410' title='bbox 1091 3998 1197 4050; x_wconf 86' lang='lat' dir='ltr'><strong>Diocle·</strong></span> 
     </span>
     <span class='ocr_line' id='line_1_45' title="bbox 95 4065 1197 4139; baseline 0.003 -14"><span class='ocrx_word' id='word_1_411' title='bbox 95 4089 128 4126; x_wconf 91' lang='lat' dir='ltr'><strong>eo</strong></span> <span class='ocrx_word' id='word_1_412' title='bbox 147 4065 189 4124; x_wconf 90' lang='lat' dir='ltr'><strong>die</strong></span> <span class='ocrx_word' id='word_1_413' title='bbox 206 4076 263 4139; x_wconf 87' lang='lat' dir='ltr'><strong>ipre</strong></span> <span class='ocrx_word' id='word_1_414' title='bbox 279 4082 356 4124; x_wconf 82' lang='lat' dir='ltr'><strong>natus</strong></span> <span class='ocrx_word' id='word_1_415' title='bbox 372 4080 452 4135; x_wconf 81' lang='lat' dir='ltr'><strong>erret,</strong></span> <span class='ocrx_word' id='word_1_416' title='bbox 463 4081 490 4123; x_wconf 88' lang='lat' dir='ltr'><strong>et</strong></span> <span class='ocrx_word' id='word_1_417' title='bbox 502 4072 570 4137; x_wconf 86' lang='lat' dir='ltr'><strong>qrrod</strong></span> <span class='ocrx_word' id='word_1_418' title='bbox 582 4068 625 4121; x_wconf 83' lang='lat' dir='ltr'><strong>eo&#39;·</strong></span> <span class='ocrx_word' id='word_1_419' title='bbox 667 4073 740 4134; x_wconf 84' lang='lat' dir='ltr'><strong>lieni,</strong></span> <span class='ocrx_word' id='word_1_420' title='bbox 751 4087 826 4138; x_wconf 89' lang='lat' dir='ltr'><strong>quem</strong></span> <span class='ocrx_word' id='word_1_421' title='bbox 839 4071 942 4122; x_wconf 79' lang='lat' dir='ltr'><strong>fratrem</strong></span> <span class='ocrx_word' id='word_1_422' title='bbox 954 4071 1023 4120; x_wconf 81' lang='lat' dir='ltr'><strong>illiue</strong></span> <span class='ocrx_word' id='word_1_423' title='bbox 1035 4082 1120 4126; x_wconf 82' lang='lat' dir='ltr'><strong>uocat.</strong></span> <span class='ocrx_word' id='word_1_424' title='bbox 1146 4078 1197 4128; x_wconf 85' lang='lat' dir='ltr'><strong>Ge·</strong></span> 
     </span>
     <span class='ocr_line' id='line_1_46' title="bbox 95 4146 1197 4218; baseline -0.006 -18"><span class='ocrx_word' id='word_1_425' title='bbox 95 4151 155 4201; x_wconf 88' lang='lat' dir='ltr'><strong>dem</strong></span> <span class='ocrx_word' id='word_1_426' title='bbox 173 4160 249 4200; x_wconf 83' lang='lat' dir='ltr'><strong>uetus</strong></span> <span class='ocrx_word' id='word_1_427' title='bbox 267 4150 451 4207; x_wconf 82' lang='lat' dir='ltr'><strong>Diocletianus,</strong></span> <span class='ocrx_word' id='word_1_428' title='bbox 467 4163 541 4213; x_wconf 85' lang='lat' dir='ltr'><strong>qrrem</strong></span> <span class='ocrx_word' id='word_1_429' title='bbox 555 4149 625 4198; x_wconf 83' lang='lat' dir='ltr'><strong>velut</strong></span> <span class='ocrx_word' id='word_1_430' title='bbox 666 4151 729 4198; x_wconf 87' lang='lat' dir='ltr'><strong>minc</strong></span> <span class='ocrx_word' id='word_1_431' title='bbox 746 4149 822 4198; x_wconf 79' lang='lat' dir='ltr'><strong>notuit</strong></span> <span class='ocrx_word' id='word_1_432' title='bbox 836 4155 886 4207; x_wconf 85' lang='lat' dir='ltr'><strong>tuo,</strong></span> <span class='ocrx_word' id='word_1_433' title='bbox 898 4146 924 4195; x_wconf 90' lang='lat' dir='ltr'><strong>id</strong></span> <span class='ocrx_word' id='word_1_434' title='bbox 937 4154 988 4208; x_wconf 82' lang='lat' dir='ltr'><strong>est,</strong></span> <span class='ocrx_word' id='word_1_435' title='bbox 998 4162 1030 4197; x_wconf 90' lang='lat' dir='ltr'><strong>eo</strong></span> <span class='ocrx_word' id='word_1_436' title='bbox 1041 4148 1084 4199; x_wconf 92' lang='lat' dir='ltr'><strong>die</strong></span> <span class='ocrx_word' id='word_1_437' title='bbox 1095 4153 1137 4218; x_wconf 90' lang='lat' dir='ltr'><strong>qui</strong></span> <span class='ocrx_word' id='word_1_438' title='bbox 1149 4153 1197 4206; x_wconf 78' lang='lat' dir='ltr'><strong>du.</strong></span> 
     </span>
     <span class='ocr_line' id='line_1_47' title="bbox 94 4223 1088 4292; baseline -0.001 -15"><span class='ocrx_word' id='word_1_439' title='bbox 94 4227 205 4279; x_wconf 78' lang='lat' dir='ltr'><strong>fratrem</strong></span> <span class='ocrx_word' id='word_1_440' title='bbox 217 4227 334 4289; x_wconf 81' lang='lat' dir='ltr'><strong>colebat3</strong></span> <span class='ocrx_word' id='word_1_441' title='bbox 349 4227 437 4278; x_wconf 84' lang='lat' dir='ltr'><strong>amicir</strong></span> <span class='ocrx_word' id='word_1_442' title='bbox 448 4234 535 4277; x_wconf 88' lang='lat' dir='ltr'><strong>autem</strong></span> <span class='ocrx_word' id='word_1_443' title='bbox 547 4233 625 4292; x_wconf 89' lang='lat' dir='ltr'><strong>atque</strong></span> <span class='ocrx_word' id='word_1_444' title='bbox 667 4225 728 4290; x_wconf 90' lang='lat' dir='ltr'><strong>plici</strong></span> <span class='ocrx_word' id='word_1_445' title='bbox 741 4225 773 4275; x_wconf 89' lang='lat' dir='ltr'><strong>de</strong></span> <span class='ocrx_word' id='word_1_446' title='bbox 786 4238 864 4275; x_wconf 81' lang='lat' dir='ltr'><strong>eausa</strong></span> <span class='ocrx_word' id='word_1_447' title='bbox 875 4223 922 4275; x_wconf 86' lang='lat' dir='ltr'><strong>tibi</strong></span> <span class='ocrx_word' id='word_1_448' title='bbox 935 4224 1028 4275; x_wconf 81' lang='lat' dir='ltr'><strong>natalie</strong></span> <span class='ocrx_word' id='word_1_449' title='bbox 1040 4233 1088 4276; x_wconf 85' lang='lat' dir='ltr'><strong>ert.</strong></span> 
     </span>
    </p>
   </div>
   <div class='ocr_carea' id='block_1_7' title="bbox 0 0 1370 4726">
    <p class='ocr_par' dir='ltr' id='par_1_9' title="bbox 0 0 1370 4726">
     <span class='ocr_line' id='line_1_48' title="bbox 0 0 1370 4726; baseline 0 1"><span class='ocrx_word' id='word_1_450' title='bbox 0 0 1370 4726; x_wconf 95' lang='lat' dir='ltr'><strong> </strong></span> 
     </span>
    </p>
   </div>
  </div>
 </body>
</html>
