2730 4726
383 321 667 373 annueramus.
704 320 777 372 xrr.
797 304 852 372 13.
1077 305 1165 377 1573

64 459 199 536 demum
213 468 338 534 saeculo
352 472 476 532 annuat
490 465 628 544 lautum,
643 466 755 550 qued·
773 465 880 531 tantis
894 463 980 532 infra
993 485 1164 552 supraque

62 572 271 657 temporibus
286 589 349 636 nec
363 571 525 635 invenerit
540 572 707 649 aemulum,
717 588 778 634 nec
791 569 941 634 babuerit
951 568 1162 652 exempluml

64 675 136 740 Sed
150 674 209 759 qui
223 672 303 741 vitae
318 681 387 738 tuae
399 668 544 739 sectam‘
556 674 774 758 rationesque
788 672 998 754 cognoverit3
1021 672 1101 739 fidei
1112 674 1162 739 iu·

63 784 262 845 cuuctauter
287 776 434 856 accedet,
454 795 516 841 uec
541 778 697 842 abnuisse
721 776 890 840 dubitabit
911 775 1087 859 imperium
1111 777 1164 841 sie

63 880 332 964 imperaturumu
384 882 418 945 4.
440 879 496 944 Illi
522 880 622 958 euim,
644 879 693 944 illi
718 878 816 944 avide
840 897 940 961 regua
965 877 1163 964 desiderent,

64 1000 151 1068 quos
177 981 290 1047 soluta
314 981 446 1064 legibus
471 983 542 1046 vita
565 981 718 1059 delectat,
742 999 882 1065 quorum
905 978 1087 1045 crudelitas
1111 979 1162 1046 in-

64 1086 243 1151 demnatos
269 1085 425 1164 necandi,
445 1083 615 1168 cupiditas
637 1085 770 1166 privata
790 1081 956 1166 rapiendi,
976 1080 1083 1147 libido
1104 1081 1163 1146 hu·

62 1198 163 1253 nesta
177 1188 341 1267 ioedaudi,
354 1188 412 1273 jus
428 1196 528 1272 atque
542 1189 774 1272 impunitatem
789 1187 970 1269 requirunt.
1011 1182 1044 1250 5.
1068 1183 1164 1264 Quid

62 1295 124 1355 tua
140 1291 297 1355 intererat
314 1296 349 1355 te
369 1290 560 1373 Principem
580 1289 662 1367 fieri,
676 1287 885 1381 quixluturus
905 1307 979 1352 eras
998 1287 1034 1350 iu
1053 1286 1163 1372 Impe-

62 1398 176 1456 ratore
190 1389 390 1475 privatusll
411 1393 475 1457 nisi
490 1388 591 1456 forte¹
608 1392 644 1456 iu
665 1396 699 1456 te
718 1390 819 1455 bodie
839 1397 898 1455 aut
921 1388 1095 1473 pudicitiae
1110 1408 1163 1457 re·

61 1494 201 1561 misstor
221 1495 343 1573 cultus,
357 1503 415 1559 aut
430 1495 537 1560 minor
552 1494 725 1577 sauguinis
739 1493 875 1558 humani
889 1498 1010 1566 metus,
1028 1498 1088 1556 aut
1102 1493 1162 1559 ali·

62 1616 139 1662 euae
152 1598 200 1661 rei
215 1597 321 1682 major
335 1606 388 1662 est
400 1599 588 1680 appetitus.
627 1595 725 1661 Idem
739 1616 776 1661 es
792 1598 849 1680 qui
861 1596 966 1673 suisti,
982 1604 1016 1660 et
1031 1601 1163 1665 tautum

62 1698 128 1764 tibi
150 1719 211 1783 per
230 1706 263 1764 te
277 1703 368 1779 licet,
384 1706 544 1784 quantum
559 1699 722 1782 perleges
737 1699 871 1763 licebat.
914 1697 938 1763 J
940 1719 981 1762 us
997 1718 1163 1763 summum

61 1801 225 1867 facultate
250 1808 285 1868 et
310 1804 411 1886 copia
435 1799 680 1879 commodandi,
702 1820 769 1864 nou
794 1800 972 1866 securitate
998 1800 1163 1884 peccandi

61 1905 240 1988 experiris.
282 1905 315 1969 6.
337 1903 451 1970 Unum
470 1904 532 1969 tibi
554 1904 713 1986 praestitit
733 1904 958 1987 Principatus‚
975 1911 1013 1968 ut
1033 1911 1163 1969 certum

60 2004 262 2073 haberemus
284 2028 412 2087 omnes,
435 2008 538 2072 etiam
561 2008 625 2079 sub
648 2005 909 2090 Imperatoribus
932 2008 1010 2072 aliis
1034 2008 1163 2073 vixisse

61 2117 95 2174 te
115 2110 247 2194 legibus
271 2113 360 2178 tuis:
389 2131 468 2176 nam
490 2111 548 2195 qui
569 2109 653 2174 nibil
675 2109 758 2176 lacit
777 2110 916 2176 licenter
937 2116 1162 2195 cumputest,

60 2231 233 2298 uunquam
247 2201 366 2280 uoluit.

64 2384 68 2393 ,
106 2315 304 2382 Gaaxrn.
349 2315 381 2381 1.
405 2316 496 2397 Quin
511 2317 571 2381 ubi
585 2315 728 2400 primum
751 2319 783 2379 te
807 2316 949 2401 imperio
963 2313 1164 2401 praestitisti,

57 2429 131 2500 nou
142 2425 319 2484 contentus
334 2422 409 2505 ipse
424 2420 516 2485 ultra
531 2418 614 2484 vitia
629 2413 837 2498 recessisse,l
852 2419 969 2484 alienis
983 2419 1075 2485 vitiis
1091 2412 1165 2485 cor'·

60 2520 211 2604 rigandis
224 2542 339 2588 euram
351 2521 529 2606 adjecisti3
543 2521 646 2605 idque
656 2520 835 2600 moderate,
844 2527 882 2585 ut
895 2522 1035 2587 suadere
1048 2523 1164 2606 potius

59 2622 218 2704 honesta,
247 2645 349 2710 quam
379 2645 500 2710 eogere
529 2624 717 2692 videreris(
740 2623 774 2688 2.
796 2623 842 2689 Et
868 2625 951 2708 quia
976 2624 1032 2690 vel
1060 2625 1162 2708 longo

62 2783 69 2796 ο
93 2815 107 2841 ⁰
127 2809 162 2860 Ut
171 2812 356 2862 nurlrulundem
366 2810 555 2871 oetutesuteutur
564 2809 701 2874 configiste,
710 2811 781 2876 quod,
791 2813 834 2877 &a

92 2870 105 2905 ⁴
119 2873 161 2926 At
170 2876 234 2926 omni
242 2876 301 2926 uitia
310 2876 439 2927 {manaem
447 2882 471 2929 te
477 2876 628 2942 perorare.

519 3021 702 3043 tuumne&

57 3109 273 3163 Balduluusuitae
282 3127 342 3162 uua.
368 3113 441 3175 Mur,
460 3129 508 3177 pro
525 3115 561 3164 rie
578 3115 755 3178 imperaturum.
769 3112 837 3178 quud
852 3111 933 3162 babet
943 3111 1090 3169 Rbeuauur,
1100 3112 1161 3161 Bal·

59 3176 156 3227 duinur
176 3177 298 3228 emendat
314 3178 475 3240 impetratum.
501 3181 558 3244 Ego
577 3182 634 3242 lego
654 3178 842 3244 imperaturum!
856 3178 992 3229 ,lunen—t
1010 3177 1078 3227 Edd.
1094 3184 1162 3229 uett.

56 3241 156 3306 privetu
166 3243 274 3306 cupiendi
283 3259 295 3301 ς.
304 3243 365 3293 Vet.
377 3244 489 3295 Puteuu.
502 3261 527 3308 p.
536 3245 653 3308 rapiendi,
663 3245 790 3306 probante
801 3245 952 3295 ,loreto-5
969 3242 1071 3293 Acidul.
1087 3245 1162 3306 legit,

58 3308 133 3363 idern
150 3307 191 3371 qut'
201 3307 285 3368 suiuti,
302 3322 336 3364 er,
352 3313 445 3359 tuntum
461 3311 524 3368 ritu
542 3312 606 3361 Ere.
626 3311 771 3361 Scbunbov.
787 3309 850 3358 idem
864 3323 890 3358 ee
903 3309 945 3373 qut
955 3307 1089 3368 fututa-6
1106 3309 1161 3360 Pro

58 3371 206 3429 meme,
217 3375 278 3424 Ver.
290 3373 402 3424 Puteun.
409 3375 545 3426 muramu-

59 3481 64 3489 .
93 3438 238 3504 cmlxiii.
254 3438 394 3504 IGuelpb.
414 3441 544 3492 ubuuitiu.
578 3441 651 3496 Mox,
660 3439 724 3490 edd.
740 3447 805 3490 vett.
825 3437 951 3500 ubjecimp
966 3439 1077 3490 Rittem.
1094 3439 1161 3503 conj.

557 3586 665 3638 NouAE

58 3676 225 3731 mutuatus.
259 3679 353 3743 Neque
365 3679 433 3729 euim
445 3682 593 3744 postulabat
629 3689 767 3734 tantarum
777 3681 854 3732 laude
865 3690 921 3732 erat
929 3680 1158 3750 administrutnrtp

57 3753 187 3818 ut'lle'ret,
196 3755 243 3803 red
254 3763 284 3805 ut
294 3771 328 3805 ue
338 3755 415 3806 fieret
424 3758 576 3821 imperator.
628 3759 774 3822 imperium.

93 3828 185 3881 'We
207 3835 256 3880 tue
277 3832 377 3896 uotam]
407 3832 534 3894 Respexit
559 3834 592 3884 ad
660 3830 1158 3898 lla[stuperatempriuatus]tluiiuinr·

56 3905 126 3959 illud
135 3904 217 3956 Plinii
228 3906 295 3956 Pau.
312 3921 372 3970 cup.
383 3910 505 3958 ultxxrv.
522 3909 593 3960 ‘Sed
627 3911 701 3977 perio
713 3912 809 3976 priuati
821 3910 930 3961 nomiu'u
942 3909 1093 3961 modestiam
1104 3926 1157 3963 uer·

52 3983 105 4050 qai
119 3981 183 4032 uitur
202 3988 252 4032 tue
270 3983 392 4033 instituta
412 3985 591 4049 rationemque
627 3995 731 4039 veturus
748 4004 826 4039 aruer.

59 4059 222 4125 cognoverit,
234 4057 315 4110 facile
330 4060 430 4111 fontem
444 4061 529 4127 copie
546 4061 591 4114 bu·
659 4063 668 4099 ¹
683 4065 741 4117 Nin'
751 4065 832 4129 sorte]
852 4061 980 4128 alermus
1000 4062 1067 4118 illud
1087 4063 1155 4115 reci-

55 4134 247 4203 juriuveuiet!
297 4168 300 4174 «
625 4142 678 4208 pio.

90 4212 317 4281 eImperuturun]
340 4213 372 4265 Id
394 4219 445 4274 ert,
466 4229 526 4267 euru
546 4215 591 4283 qui
684 4258 688 4266 .
