2730 4726
477 337 757 416 annueramus.
795 338 868 388 xrr.
883 323 916 389 2.
1153 326 1241 394 1557

192 483 284 550 Car.
307 502 348 549 rr.
381 485 416 548 1.
437 483 531 564 Quid
548 484 651 568 ergol
672 503 823 550 novusne
841 501 896 550 me
916 499 1032 567 pavor,
1052 490 1087 550 et
1104 486 1242 573 inopina

144 589 347 674 trepidatio⁶
372 587 406 672 iu
431 588 509 671 ipso
536 587 669 653 dicendi
694 594 843 672 tempore
869 586 1110 670 deprehendit?
1155 590 1242 668 Mihi

143 710 231 755 vero
249 689 276 754 ii
296 708 421 766 omues,
441 689 562 773 quibus
578 688 802 772 altrinsecus!
815 689 939 774 jactor,
960 697 1066 770 aestus
1086 691 1144 755 diu
1163 701 1241 759 ante

143 791 309 869 meditati,
322 792 485 876 longeque
507 795 676 876 prospecti
699 803 788 857 sunt.
832 792 901 858 Sed
921 812 998 858 cum
1018 792 1239 861 admiratione

144 895 304 960 virtutum
326 898 454 958 tuarum
474 894 517 959 ab
540 895 656 960 ultimo
676 893 857 959 Galliarum
877 902 1037 973 recessu,⁸
1058 915 1125 980 qua
1143 896 1239 962 littus

144 999 268 1062 oceani
289 996 463 1062 cadentem
484 998 614 1082 excipit
635 999 751 1075 solem,
766 1004 801 1063 et
821 997 1049 1063 deficientibus
1070 998 1164 1063 terris
1184 1019 1239 1064 so·

144 1098 233 1163 ciale
246 1101 406 1164 miscetur
419 1100 628 1182 elementum,
641 1101 685 1165 ad
700 1099 927 1166 contuendum
947 1106 1000 1165 tet
1018 1099 1238 1165 adorandum·

143 1220 214 1286 que
230 1221 472 1287 properassem,
484 1211 522 1266 ut
536 1202 626 1267 bona
640 1223 715 1286 quae
732 1204 865 1267 auribus
875 1221 1040 1287 ceperam,
1052 1205 1151 1268 etiam
1164 1206 1238 1269 visu

141 1324 350 1388 usurparem,
367 1306 473 1384 timui,
488 1305 603 1384 fateor,
620 1307 667 1390 pii
682 1307 809 1372 laboris
825 1305 969 1371 officium
984 1309 1087 1390 impia
1099 1309 1238 1373 tacitur-

141 1408 248 1473 nitate
264 1427 483 1493 corrumpere.
527 1411 558 1474 2.
582 1409 634 1473 lta
650 1409 728 1473 dum
744 1410 904 1493 obsequio
917 1413 1115 1493 interpretor
1129 1411 1236 1494 impu·

143 1509 317 1581 dentiam?
342 1509 422 1574 dum
444 1511 480 1574 in
504 1511 645 1577 eundem
670 1512 836 1575 hominem
862 1531 925 1576 non
949 1520 1033 1596 puto
1048 1515 1238 1579 convenire

142 1612 301 1694 gaudium
324 1620 358 1678 et
380 1613 565 1696 silentium;
587 1613 670 1678 duas
694 1633 748 1677 res
769 1613 1017 1679 diversissimas
1034 1613 1148 1698 junxi,
1167 1637 1238 1680 me·

141 1721 216 1778 tum
239 1722 272 1780 et
292 1717 522 1781 temeritatem.
568 1715 660 1794 Quin
680 1721 714 1778 et
735 1714 817 1779 illud
836 1733 891 1780 me
911 1717 1040 1799 impulit
1061 1716 1103 1780 ad
1115 1717 1237 1783 'dicen-

141 1817 236 1895 dum,
261 1819 352 1903 quod
375 1827 414 1883 ut
439 1818 596 1898 dicerem,
620 1818 729 1881 nullus
753 1816 925 1900 adigebat:
942 1832 1010 1883 ¹nou
1032 1815 1143 1883 enimh
1163 1818 1236 1902 jam

140 1926 264 1985 coacta
281 1921 442 1999 laudatio,
456 1928 492 1986 et
512 1941 682 2004 expressae
703 1927 794 1984 metu
813 1938 914 1985 voces
933 1921 1114 2004 periculum
1134 1921 1234 1985 silen-

140 2020 201 2085 tii⁶
221 2022 396 2088 redimunt
448 2025 481 2088 3.
504 2024 630 2101 Fuerit,
653 2023 839 2106 abieritque
861 2022 968 2087 tristis
990 2022 1049 2087 illa
1066 2022 1234 2088 facundiae

140 2121 350 2205 Juncilluutisi
372 2127 570 2205 necessitas,
586 2146 662 2192 cum
682 2132 807 2191 trucem
828 2121 1021 2202 domiuum)
1045 2145 1144 2190 auras
1165 2145 1234 2190 om-

139 2248 202 2304 nes
222 2228 398 2312 plausuum
414 2228 622 2312 publicorum
636 2234 776 2293 ventosa
791 2228 1015 2312 popularitate
1031 2233 1233 2311 captantem,

138 2330 288 2397 mendax
301 2331 485 2398 assentatio
499 2328 678 2411 titillabat?
693 2352 768 2397 cum
784 2331 907 2414 gratias
919 2330 1062 2413 agebant
1076 2328 1238 2411 dolentes,

139 2430 176 2499 et
191 2441 363 2519 tyrannum
382 2452 448 2497 uon
467 2432 673 2516 praedicasse
692 2432 875 2518 tyrannidis
891 2434 1066 2498 accusatio
1086 2434 1234 2499 vocaba-

137 2523 206 2604 tur.
255 2538 291 2601 ’4.
315 2534 415 2603 Nunc
440 2555 501 2620 par
526 2535 660 2601 dicendi
681 2535 883 2620 tacendique
905 2536 1055 2614 libertas,
1076 2544 1110 2600 et
1131 2555 1233 2621 quam

145 2726 540 2796 ,emmeaumtntnvsstt
761 2723 939 2791 slltroqseeae
949 2733 1029 2789 perte.

170 2805 185 2840 Ι
203 2797 236 2846 Et
245 2794 358 2846 saumis
368 2793 440 2843 terris
449 2792 558 2852 cingam
570 2791 687 2851 Oeeoau,
697 2790 729 2839 ed
739 2794 763 2840 te
774 2792 909 2856 uidendum
917 2795 959 2856 tyr.

170 2860 186 2896 ὓ
202 2859 245 2911 Sr‘e
252 2864 307 2909 dum
316 2857 419 2922 obsequii
429 2858 523 2907 nomin
533 2871 619 2907 excuso
629 2857 809 2920 impudentiam.

170 2925 181 2959 ¹
198 2926 267 2982 Quod
273 2929 308 2974 est
318 2925 344 2973 in
354 2923 458 2973 mundo.

142 3030 146 3038 .
165 2989 180 3036 ἰ
196 2991 257 3040 Gaas
273 2988 373 3054 improbi
388 2990 547 3037 assentatores
564 2985 692 3052 palpabunt
707 2984 814 3046 sacceas
831 2983 993 3048 imperatorem
1013 2985 1118 3050 publicos
1134 2989 1230 3052 plausus

135 3055 208 3109 aaa
215 3055 342 3106 sanaem
352 3057 515 3118 aucupatam.

594 3141 775 3165 ΜΝΝΜΙΟ

141 3258 146 3265 ¹
170 3283 280 3334 Canu.
314 3284 328 3330 1
346 3277 459 3340 Guelph·
475 3291 520 3341 qao
528 3273 593 3326 litus.
626 3275 686 3325 ‘Pii
697 3274 784 3325 uberis
793 3273 906 3340 effetum]
924 3275 967 3326 Sic
979 3275 1230 3340 indubielegendum

133 3363 195 3400 com
209 3346 327 3396 omuibus
343 3343 404 3393 edd.
420 3342 485 3392 adeo
498 3349 525 3390 ut
537 3342 615 3390 mirer
625 3341 789 3390 substituisse
801 3341 954 3398 biviueium,
970 3342 1040 3392 timui
1048 3343 1131 3402 fateor·
1145 3343 1232 3394 lubria

133 3405 1252 3536 armaturarufucanm

133 3552 192 3600 net,
203 3557 260 3590 cum
272 3541 389 3591 omnibns
408 3538 524 3599 vetustis,
539 3537 647 3599 primam
663 3538 724 3586 lect
741 3537 856 3601 illudque
871 3538 1024 3600 interpretor,
1035 3540 1081 3600 ait,
1092 3539 1160 3588 idem
1171 3552 1230 3588 esse

134 3624 169 3660 se
185 3605 365 3657 ‘excuso-²8
382 3603 481 3654 Omnes
497 3600 558 3652 edd.
573 3602 670 3651 habeut
683 3604 779 3664 gratim
785 3618 795 3660 ,·
811 3602 894 3651 codex
911 3601 1035 3652 Schefferi
1050 3604 1144 3667 gratia·
1161 3603 1230 3652 onds

131 3675 180 3728 ille
188 3673 327 3736 grates-t
344 3669 352 3696 ‘
364 3669 456 3719 Insere
467 3668 588 3717 omisssm
600 3681 699 3730 rocem,
708 3680 753 3732 por
761 3667 854 3717 dicendi
864 3669 1009 3733 tacendique,
1021 3670 1061 3718 rel
1074 3682 1120 3732 pur
1135 3669 1230 3719 tacendi

631 3830 656 3880 N
660 3829 738 3881 OTAE

142 3947 145 3953 ·
164 3943 181 3980 s
196 3932 235 3983 Ab
245 3931 328 3981 suus
344 3927 481 3979 Gellianus
498 3924 662 3992 recesss1db
702 3942 780 3979 voces
790 3927 852 3993 illa,
869 3941 932 3993 quas
952 3931 1036 3976 metus
1047 3925 1229 3991 exprimebst‚'

132 4007 283 4078 Aquitania,
304 4005 348 4055 obl
364 4013 465 4067 natum,
485 4014 514 4054 et
533 4005 593 4055 iude
609 4005 662 4054 llo·
688 4007 751 4054 ·&c.

129 4105 201 4146 mum
211 4087 315 4138 missum
327 4083 453 4133 Pacatum
465 4081 585 4132 diximus·
734 4081 742 4117 ¹
756 4080 887 4136 Fnarsdioe
897 4076 1045 4143 amunta]
1062 4077 1188 4131 Serrilem
1197 4080 1224 4134 iu

164 4165 252 4216 taos
271 4158 345 4223 enim]
378 4159 508 4222 Respexit
534 4158 567 4208 sd
595 4158 660 4210 illud
700 4157 802 4210 modum
814 4154 978 4207 blandientis.

129 4232 204 4300 *lim
220 4239 319 4304 Pmeg.
335 4249 392 4302 esp.
403 4248 435 4287 ιι.
449 4235 554 4288 ‘Quare
566 4233 661 4287 abeant
730 4231 740 4278 ³
757 4235 855 4287 Teucera
864 4231 997 4300 animm]
1014 4229 1160 4286 Alluditsd
1171 4232 1227 4287 Ns·
