2730 4726
130 317 217 384 1334
450 336 608 385 rncnnrr
635 300 909 390 runnornrcus
1017 370 1021 376 ·

130 480 273 569 integrae¹
297 479 484 563 solidaeque
509 482 608 560 vires,
638 481 694 547 bic
729 485 834 549 totius
863 485 1015 570 corporis
1044 486 1148 570 vigor,
1180 489 1234 553 bic

128 581 363 664 imperatorius
387 583 488 647 ardor
511 584 693 663 oculorum,
715 587 929 652 immaturum
949 590 1053 653 otium
1076 610 1235 672 sperasse

128 682 298 747 miramur·
341 684 372 747 6.
397 683 490 762 Quid
515 687 604 750 enim
631 687 748 753 aliudss
770 690 931 774 participi
953 691 1140 774 majestatis
1166 699 1234 758 tuae

128 785 208 848 dare
223 786 335 868 potnit
350 787 484 851 veniam
499 789 637 871 qnietis,
652 810 755 874 quam
770 800 808 857 ut
823 800 858 857 tu
874 792 1015 876 imperio
1032 795 1235 859 succederes

129 906 191 970 pro
207 887 366 953 dnobust

171 988 263 1055 Car.
287 1008 327 1055 x.
370 992 404 1058 1.
428 993 496 1059 Sed
521 996 676 1079 profecto
698 996 813 1078 exegit
835 997 901 1062 boc
923 997 999 1081 ipsa
1020 996 1180 1074 varietas,
1203 1004 1236 1063 et

128 1097 246 1158 natura
265 1093 421 1171 fortunae,
445 1097 501 1160 cni
520 1098 602 1161 nihil
624 1103 753 1163 mutare
774 1099 931 1177 licuerat,
946 1099 1025 1164 dum
1044 1118 1107 1162 vos
1128 1099 1236 1183 impe·

128 1193 211 1258 rium
235 1196 402 1273 teneretis,
423 1204 460 1260 ut
483 1198 544 1262 illa
569 1199 687 1282 viginti
710 1219 873 1264 annorum
902 1200 1065 1266 continua
1094 1201 1238 1268 felicitas

128 1296 305 1363 intervallo
321 1298 435 1381 aliquo
451 1298 728 1382 distingueretur:
751 1301 930 1391 autetiam
945 1300 1004 1366 Dii
1028 1301 1235 1367 immortales

127 1401 272 1485 probare
287 1401 475 1478 voluerunt,
490 1402 551 1466 tibi
566 1403 714 1468 innixam
730 1404 866 1467 stetisse
884 1404 1138 1486 rempublicam,
1156 1424 1235 1469 cum

128 1505 202 1568 sine
229 1507 262 1566 te
288 1508 374 1567 stare
396 1523 463 1567 non
489 1509 616 1588 posset.
661 1504 693 1568 2.
717 1503 923 1587 Quanquam
947 1506 983 1568 in
1006 1505 1082 1569 istis
1100 1507 1235 1588 quidem

127 1602 310 1690 partibush
339 1626 407 1670 nou
437 1608 547 1671 caruit
576 1607 718 1690 pristina
746 1607 924 1672 firmitate:
953 1607 1001 1671 ibi
1026 1627 1107 1672 vero
1138 1629 1236 1692 paene

127 1707 280 1772 funditus
295 1710 431 1788 counit,
447 1710 537 1774 unde
560 1717 609 1788 tn,
632 1709 855 1787 Maximiano,
869 1710 1089 1777 discesseras.
1133 1708 1235 1776 Adeo

124 1809 201 1873 illic
226 1809 405 1891 plurimum
430 1811 596 1876 habuerat
619 1810 815 1875 stabilitatis
846 1815 988 1889 asserta,
1015 1810 1076 1874 ubi
1102 1809 1238 1875 deserta

128 1912 278 1977 maxime
293 1913 476 1979 vacillavit.
520 1914 552 1979 3.
575 1913 656 1978 Non
682 1914 779 1978 aliter
803 1915 902 1991 enim,
918 1932 1019 1996 qnam
1034 1913 1123 1977 solet
1137 1918 1236 1988 terra,

127 2015 239 2080 ventis
262 2021 320 2079 aut
341 2016 441 2098 aquis
467 2016 583 2080 subter
604 2015 776 2092 immissis,
793 2013 977 2080 inter-vulsa
991 2013 1045 2078 sui
1061 2014 1236 2080 soliditate

128 2123 253 2194 nutare,
274 2118 324 2181 ita
345 2127 471 2182 cuncta
492 2118 605 2193 Italia,
629 2125 733 2200 atque
754 2118 832 2200 ipsa
852 2115 976 2191 Roma,
997 2116 1166 2181 subducta
1185 2135 1235 2181 ro-

128 2226 244 2303 pento,
259 2238 326 2303 qua
349 2225 540 2285 sustentata
560 2218 681 2296 fuerat,
704 2219 841 2283 dextera
863 2225 934 2296 tua,
959 2218 1171 2294 contremuit,
1195 2237 1236 2281 ac

128 2339 229 2405 paene
252 2322 418 2385 consedit.
462 2323 497 2385 4.
519 2322 622 2401 Quod
645 2341 709 2404 ego
735 2321 856 2386 cursim
882 2325 1035 2384 transeo:
1066 2339 1126 2384 cur
1147 2321 1236 2383 enirn

129 2422 186 2487 vel
210 2422 423 2487 recordemur
448 2424 602 2502 adversa,
618 2444 695 2488 cum
710 2422 885 2488 videamus
909 2421 1025 2486 omnia
1047 2427 1107 2486 tuo
1127 2420 1237 2486 reditu

128 2525 304 2590 restitutat
334 2526 368 2589 5.
390 2525 487 2591 Fecit
499 2527 586 2590 enim
603 2524 717 2598 Roma
731 2524 810 2607 ipsa
824 2542 887 2607 pro
900 2522 1076 2607 majestate
1089 2523 1236 2587 nominis

130 2628 194 2706 sui,
208 2635 248 2692 ut
260 2628 465 2703 ostenderet,
477 2647 579 2712 posse
595 2647 633 2691 se
649 2627 750 2692 etiam
767 2626 1035 2709 imperatoribus
1050 2623 1252 2708 imperares·

129 2894 172 2938 out
190 2893 299 2940 aoktudo
321 2890 478 2956 deficere-d
496 2892 600 2941 Puteol.
625 2894 742 2943 Rhenen.
761 2891 794 2941 P.
809 2896 837 2940 et
857 2889 893 2939 Η.
912 2888 1005 2952 Stepb.
1018 2892 1047 2937 et
1064 2887 1151 2938 Rlvln.
1167 2892 1237 2940 uento

129 2954 233 3019 quiem3
245 2955 359 3020 Guelpb.
370 2959 432 3006 Vat.
443 2957 557 3009 Putesn.
569 2959 657 3007 vatic.
669 2958 747 3008 Grot.
758 2964 786 3006 et
798 2955 1013 3005 :scearamton
1024 2954 1120 3015 quietis.

163 3020 232 3068 Cur.
244 3033 272 3068 x.
301 3026 313 3069 l
333 3021 382 3071 Sed
397 3037 423 3085 p.
434 3023 514 3083 exigat
525 3023 558 3072 P.
577 3030 605 3070 et
621 3023 654 3071 H.
668 3023 760 3087 Stepb.
789 3021 839 3070 Sed
848 3036 871 3084 p.
883 3020 965 3080 exegit
976 3025 1072 3068 ceterae
1085 3018 1146 3068 edd.
1158 3027 1187 3069 et
1198 3019 1237 3070 sie

129 3083 179 3144 legi
187 3084 381 3147 jussitAcldal.
409 3087 698 3150 iproabestaGuelpb.
727 3085 793 3136 XX.
803 3099 919 3135 annuam
930 3082 991 3133 edd.
1001 3091 1067 3132 vett.
1093 3084 1237 3145 uigintiun-

129 3163 213 3197 norum
223 3149 285 3198 Vet.
298 3149 383 3200 Lirin.
407 3151 527 3200 coluerint
537 3151 641 3200 Puteal.
654 3159 682 3201 et
697 3152 781 3202 Lirin.
809 3151 931 3199 voluerant
942 3149 1004 3198 Vet.
1019 3146 1102 3196 Lirin.
1120 3148 1238 3199 Rhenan.

130 3213 353 3265 retortu-recena.
382 3215 427 3264 titt
441 3216 483 3264 uni
496 3216 604 3266 inermum
615 3216 768 3266 Audet-2
787 3215 896 3276 Quinque
907 3213 934 3261 in
949 3213 1030 3261 Lirin.
1059 3213 1201 3275 Quanquam
1211 3217 1238 3263 in

128 3279 191 3331 Vet.
214 3279 300 3332 Lirin.
318 3282 425 3346 cuspin.
448 3281 564 3332 Rhenan.
583 3289 611 3332 et
630 3283 738 3347 reliquae
757 3280 818 3330 edd.
844 3280 912 3330 Adeo
925 3278 964 3328 bic
978 3278 1065 3328 Moerl.
1081 3285 1110 3327 et
1121 3278 1236 3344 Goelpb.

629 3432 739 3483 NOTAE

162 3527 260 3583 sQata
286 3528 349 3577 enim
373 3527 451 3591 aliud]
479 3529 576 3579 Sensus
601 3535 662 3581 est:
704 3527 855 3580 Maxentius
866 3526 945 3576 miras
957 3525 1047 3576 turbas
1059 3525 1195 3577 excitavit.

82 3649 84 3655 .
131 3604 201 3656 Quid
224 3603 292 3652 enim
320 3603 390 3652 aliud
414 3603 475 3664 fnit,
496 3605 662 3670 quamobrem
739 3603 946 3668 ¹Imperotorlbus
968 3602 1099 3666 imperare]
1134 3602 1239 3665 idest,

129 3680 297 3732 Diocletiano
309 3680 410 3746 imperti
426 3681 463 3731 tui
477 3683 549 3731 socio
562 3684 663 3732 veniam
704 3681 874 3743 Maximiano,
891 3681 932 3729 cui
952 3680 1033 3728 Roma
1051 3693 1099 3741 pro
1117 3692 1164 3727 suo
1176 3680 1238 3742 jure

128 3757 287 3819 dederImus,
305 3756 373 3821 quod
392 3758 504 3821 quietem
525 3759 664 3821 imperato·
705 3757 836 3821 praecipit,
849 3762 880 3805 ut
896 3755 1042 3819 depositum
1060 3762 1176 3803 resumat
1193 3754 1239 3803 irn-

129 3836 174 3885 rils
192 3833 323 3884 laboribus
342 3836 523 3896 preposuerit,
540 3836 589 3884 nisi
602 3837 664 3900 qnia
703 3833 813 3896 perium.
832 3831 947 3880 ¹Eadem
967 3831 1099 3880 exercitus
1117 3830 1238 3880 Maximi·

130 3915 169 3964 sic
189 3911 288 3975 effecit,
303 3919 333 3961 ut
353 3920 380 3961 tu
400 3926 446 3975 pro
464 3912 565 3963 duobus
582 3914 663 3979 impe·
704 3925 753 3958 ano
771 3908 890 3971 abduxit,
907 3923 965 3959 enm
985 3908 1101 3971 privatus
1116 3907 1141 3955 io
1154 3908 1240 3958 Luca·

132 3991 196 4040 rium
208 3989 422 4040 administraret?
703 3988 772 4036 niam
795 3986 936 4047 concessit,
955 3985 1092 4048 eidemque
1113 3984 1238 4047 reddidit,

163 4067 175 4099 ¹³
192 4067 222 4115 ln
239 4067 292 4115 istie
310 4067 403 4130 quidem
419 4066 541 4130 partitos]
561 4066 592 4116 ld
613 4073 662 4125 est,
702 4077 761 4115 curu
774 4064 898 4113 adversus
906 4063 1072 4114 Maxentium
1084 4077 1143 4113 cum
1155 4063 1238 4128 copiis

131 4145 157 4194 in
169 4144 271 4201 Galliis,
283 4144 327 4193 nbi
344 4144 401 4192 baec
418 4143 501 4193 oratio
519 4144 663 4194 dicebatur.
702 4154 854 4206 progressus
866 4145 918 4190 est.

131 4221 197 4273 Mox
207 4221 241 4271 ibi
252 4236 315 4278 vero,
326 4219 353 4271 id
371 4227 421 4285 est,
433 4220 458 4270 in
474 4219 561 4279 Italia,
573 4220 599 4271 io
611 4236 662 4291 qua
