2730 4726
462 679 465 682 ’
519 686 582 799 V
613 689 651 804 I
681 667 829 805 ΤἈ

322 938 643 1045 Lnnrnr
706 933 1037 1027 Pncnnr

498 1218 506 1234 κ
571 1147 784 1200 ΟΟΜΡΟὸΙΤΑ

343 1329 382 1405 A
417 1328 646 1408 JOANNE
684 1325 1024 1409 SCHEFFERO.

531 1577 835 1592 Ἥ

174 1775 350 1843 barinus
365 1777 588 1843 Dumnissus
604 1776 799 1852 Pennana,
813 1774 870 1838 vel
890 1780 929 1838 ut
951 1774 1052 1857 vulgo
1074 1794 1148 1840 enm
1167 1796 1228 1842 no·

127 1880 270 1957 minant,
292 1879 436 1945 Latinus
457 1882 607 1945 Pacatus
623 1877 828 1961 Drepanius,
849 1876 970 1943 Gallus
994 1878 1130 1945 natione
1149 1878 1227 1960 fuit,

128 1984 223 2047 sicut
237 1983 311 2067 ipse
325 1984 430 2048 semel
444 1985 630 2066 iterumque
643 1981 677 2045 in
693 1980 841 2046 oratione
856 2000 920 2044 sua
933 1981 1070 2046 indicat·
1115 1980 1228 2061 Quam

128 2084 285 2151 habuerit
299 2088 452 2170 patriam,
466 2086 642 2151 observare
664 2083 801 2148 memini
822 2104 866 2148 ex
887 2084 988 2149 unico
1004 2083 1157 2162 Sidonio,
1171 2085 1230 2169 qui
1309 2148 1311 2153 ,

130 2207 210 2251 eum
237 2187 458 2272 Nitiobrigem
485 2188 649 2272 appellat,
672 2188 783 2272 Epist.
799 2205 883 2252 vrrr.
898 2188 950 2252 12.
987 2187 1159 2269 Scaligero
1176 2193 1230 2254 est

131 2286 334 2370 Aginnates,
359 2292 393 2356 in
417 2291 624 2357 Ausonianis
643 2290 887 2356 Lectionibus:
925 2311 1046 2375 nempe
1073 2291 1229 2376 quoniam

130 2389 300 2474 Aginnum
317 2401 422 2478 caput
435 2393 674 2475 Nitiobrigum‚
691 2394 970 2478 quemadmodum
983 2395 1112 2460 Savaro
1127 2395 1230 2460 docet

131 2493 179 2558 ad
194 2494 380 2576 Sidonium,
395 2505 429 2562 et
444 2497 597 2588 Scaliger
612 2490 887 2562 Ausonianarnm
901 2499 1100 2563 Lectionum
1118 2515 1160 2562 11.
1175 2499 1230 2563 10.

133 2597 216 2662 Fuit
231 2597 388 2680 igiturex
402 2598 590 2685 Aquitania
605 2601 777 2680 oriundus,
791 2600 874 2684 quia
890 2600 1097 2682 Nitiobriges
1116 2601 1153 2664 in
1172 2600 1234 2664 illa·

132 2706 212 2765 sunt
231 2704 413 2784 provincia.
459 2704 562 2769 Patre
587 2703 731 2768 nominis
756 2704 906 2789 ejusdem
930 2704 1063 2786 genitus
1087 2703 1230 2768 videtur.

133 2801 228 2868 Hinc
242 2807 328 2870 euim
345 2807 447 2872 credo
471 2827 560 2885 esse,
584 2807 673 2890 qnod
695 2807 739 2871 ab
758 2806 907 2872 Ausonio
928 2813 1067 2872 vocatur
1092 2805 1230 2883 ‘filius’

131 2905 169 2970 in
186 2905 283 2973 titulo
295 2908 467 2993 Epistulae,
478 2930 582 2994 qnam
594 2912 665 2974 suis
677 2910 940 2994 Epigrammatis
955 2909 1113 2994 praefixit.
1145 2908 1231 2975 Ani-

133 3026 226 3072 mum
241 3010 361 3076 babuit
375 3014 472 3077 bonis
488 3014 618 3077 artibus
641 3032 683 3078 ac
709 3014 813 3079 literis
836 3014 1035 3077 instructum
1059 3013 1232 3097 probeque

132 3113 339 3178 exercitum:
360 3120 524 3200 praeterea
548 3118 653 3199 pium,
676 3137 716 3181 ac
736 3118 892 3182 fortassis
908 3136 930 3181 a
947 3115 1103 3198 religione
1119 3114 1231 3181 Chris·

133 3215 229 3278 tiana
243 3236 310 3281 non
326 3219 459 3284 omnino
475 3220 632 3283 alienum.
677 3221 734 3285 Ita
755 3220 843 3283 enim
867 3217 1074 3283 consuetudo
1095 3219 1162 3284 ista
1181 3220 1232 3283 in·

133 3315 247 3382 dicare
274 3321 414 3398 videtur,
439 3320 537 3407 cnjus
566 3322 770 3385 mentionem
799 3321 883 3385 facit
909 3322 942 3385 in
972 3321 1130 3386 orationis
1157 3341 1237 3386 suno

134 3421 248 3504 eapite
267 3423 428 3505 vigesimo
451 3429 484 3488 et
507 3424 628 3507 primo.
673 3423 785 3503 Quam
800 3414 999 3487 Christianis
1016 3424 1232 3506 potissimum

133 3525 242 3589 fuisse
256 3527 416 3591 usitatam
432 3547 473 3591 ac
488 3529 658 3592 solennem
675 3533 834 3593 accurate
847 3526 1086 3610 diligenterque
1102 3526 1232 3591 Savaro

134 3627 248 3693 docet.
294 3629 345 3694 Ex
361 3630 551 3715 disciplinis
566 3633 758 3717 artibusque
780 3632 927 3695 maxime
952 3630 1071 3714 poiisiu
1093 3627 1232 3706 amavit,

134 3739 175 3796 ut
199 3731 251 3796 vel
280 3752 324 3797 ex
352 3731 561 3817 Panegyrico
590 3734 681 3799 illius
705 3735 884 3820 conjectari
910 3739 1033 3818 potest.
1076 3731 1167 3797 Nam
1196 3731 1233 3793 in

135 3853 178 3900 eo
209 3842 246 3899 et
274 3836 426 3900 formulis
456 3836 703 3920 phrasibusque
731 3845 879 3924 veterum
910 3833 1095 3918 poetarum,
1123 3833 1233 3897 maxi·

136 3954 191 4000 me
210 3936 344 4019 Virgilii
368 3958 437 4002 non
463 3959 536 4004 raro
568 3928 682 4019 utitur,
701 3944 735 4004 et
759 3939 891 4004 fabulas
922 3956 1034 4001 eorum
1066 3946 1232 4000 commen·

135 4045 236 4123 taque
253 4044 379 4124 passim
393 4043 518 4119 inserit,
533 4051 567 4107 et
582 4063 644 4126 per
657 4044 849 4107 universnm
865 4038 1000 4124 po'etico
1015 4038 1145 4134 ingenio
1158 4058 1233 4104 ora·

135 4143 260 4208 tionem
276 4155 382 4212 omat.
426 4146 535 4212 Immo
549 4153 667 4232 aperte
682 4145 745 4210 boc
760 4144 932 4211 Ausonius
947 4147 1087 4208 testatur
1101 4140 1135 4204 in
1147 4161 1231 4226 prae-
