2730 4726
322 309 568 364 Dissonare
593 313 816 363 naunnrrur
843 317 980 365 nanno.
1110 300 1197 368 lina

91 464 203 523 rernm
221 475 242 520 a
257 457 469 523 Maximiano
491 478 602 542 usque
625 459 668 524 ad
691 460 727 525 id
750 465 881 544 tempus
904 470 1085 544 gestarum.
1132 462 1196 527 Ni·

91 558 236 624 mirum:

135 661 169 727 la
193 660 540 740 Quia'Maximianus
563 664 810 729 rusticanorum
838 663 1017 730 factionem
1043 684 1197 749 compes·

89 765 212 840 cuerit,
229 784 305 849 cap.
321 781 371 827 ιν.

135 863 170 931 2.
191 865 284 945 Quia
298 866 566 950 Burgundiones,
578 875 611 935 et
625 866 829 946 Alemanos3
844 869 924 934 item
940 869 1146 952 Chaibouas,
1163 877 1198 937 et

91 970 228 1046 Erulos,
243 968 407 1034 irruentes
422 971 458 1034 in
473 969 633 1049 Galliam,
649 972 858 1054 represserit,
874 986 950 1060 cap.
968 989 1002 1035 v.
1105 1030 1109 1037 .

134 1074 168 1138 3.
192 1070 286 1149 Quia
307 1070 383 1155 ipso
406 1071 651 1151 Maximianus,
668 1072 723 1136 die
740 1072 905 1156 auspicali
921 1074 1116 1140 consulatus
1132 1077 1196 1155 sui,

90 1173 291 1251 Alemanos,
327 1175 440 1239 denuo
477 1175 522 1240 ad
560 1175 830 1258 depopulandam
861 1174 1010 1240 Galliam
1039 1175 1196 1242 Rhenum

89 1283 333 1357 transgressos,
348 1274 476 1341 sortiter
489 1277 658 1359 repulerit,
674 1295 750 1359 cap.
768 1292 818 1339 vr.

131 1380 167 1442 4.
193 1376 285 1455 Quia
307 1376 396 1441 idem
412 1377 657 1454 Maximianus,
680 1386 904 1459 transgressus
919 1376 954 1441 in
969 1375 1197 1460 Germaniam,

90 1481 195 1545 armis
221 1479 338 1545 vicerit
359 1479 486 1557 hostes,
509 1497 730 1562 securamque
752 1476 934 1542 reddiderit
956 1476 1121 1562 Galliam3
1147 1483 1197 1548 uti

91 1579 328 1646 Diocletianus
350 1581 405 1645 vel
429 1582 503 1645 sola
524 1571 726 1648 auctoritate
750 1585 900 1663 nutuque
917 1580 984 1644 sibi
1002 1582 1195 1664 subjecerit,

89 1685 359 1768 represseritque
373 1683 505 1748 hostem
520 1683 607 1749 ultra
621 1683 923 1766 Euphratem,cap.
934 1698 1000 1746 vrr.
1018 1684 1109 1766 quod
1124 1684 1196 1750 iae·

90 1795 164 1851 tum
194 1792 373 1869 exaggerat
399 1785 619 1850 Mamertinus
642 1785 891 1868 comparatione
913 1782 1095 1867 Scipionis,
1119 1805 1195 1869 cap.

90 1905 181 1955 vrri.
206 1889 291 1954 Item
307 1889 374 1952 aiio
391 1886 546 1971 exemplo
557 1887 781 1964 Diocletiani,
795 1888 866 1970 qui,
882 1884 1052 1951 Rhoetiam
1067 1887 1194 1969 ingres·

90 2008 162 2068 sus,
181 1991 373 2079 Romanum
387 1989 526 2054 limitem
545 1990 737 2073 protulerit,
753 2007 829 2071 cap.
847 2003 903 2051 rx.

129 2095 165 2159 5.
190 2091 284 2170 Quia
307 2092 541 2157 Diocletianus
564 2099 599 2156 et
623 2090 858 2156 Maximianus
880 2109 925 2153 ex
947 2090 1089 2156 diversis
1103 2094 1195 2158 orbis

87 2194 243 2279 partibus
255 2192 487 2270 convenerint,
500 2198 535 2257 et
549 2194 635 2257 mira
646 2192 809 2257 virtutum
820 2191 1105 2277 consiliorumque
1116 2215 1195 2261 con·

89 2295 250 2361 seusione
262 2317 315 2362 res
326 2296 460 2379 imperii
472 2296 626 2373 curarint,
639 2296 781 2377 geminis
796 2295 865 2359 illis
880 2295 1015 2375 regibus
1031 2292 1195 2363 Lacedae·

88 2399 262 2476 monibus,
278 2397 483 2476 Heraclidis,
500 2397 750 2473 concordiores,
764 2416 840 2480 cap.
857 2413 913 2460 rx.

132 2501 166 2566 6·
187 2500 280 2579 Quia
296 2500 528 2564 Maximianus
543 2501 611 2580 regi
624 2500 825 2563 Francorum
841 2497 1030 2563 restituerit
1045 2518 1193 2582 regnum,

88 2609 128 2667 et
139 2603 198 2668 alii
213 2602 419 2667 concesserit
433 2621 574 2686 pacem;
597 2602 686 2666 sicut
702 2600 933 2666 Diocletianus
947 2621 1058 2686 regem
1073 2602 1203 2680 Persas

87 2720 161 2769 rum
174 2705 343 2786 redegerit
358 2705 394 2768 in
408 2704 570 2781 ordinem,
587 2723 664 2786 cap.
681 2718 722 2766 x.

132 2805 166 2874 7.
192 2804 287 2885 Quia
306 2806 438 2889 utrique
466 2805 501 2870 hi
530 2805 761 2890 imperatores,
784 2801 968 2867 concordia
998 2822 1073 2881 sna,
1091 2803 1194 2887 justi-

88 2907 216 2990 daque
239 2907 363 2986 studio,
387 2916 458 2971 tum
474 2925 597 2990 perse,
622 2913 694 2971 tum
719 2923 778 2988 per
793 2903 1023 2983 administros,
1044 2908 1195 2974 maxima

89 3006 235 3075 afferant
249 3009 342 3073 bona
356 3010 509 3092 imperio,
524 3025 603 3091 cap.
621 3023 678 3071 xr.
716 3066 719 3070 ,
998 3071 1001 3078 ,

130 3109 164 3176 8.
188 3106 283 3186 Quia
307 3111 430 3192 pirata,
455 3107 654 3186 Carausius,
679 3127 721 3172 eo
752 3107 799 3174 sit
823 3108 989 3189 redactus,
1013 3115 1052 3175 ut
1076 3112 1195 3179 timeat

61 3230 70 3247 ··
88 3209 230 3275 exitium
245 3229 363 3290 sunm;
386 3218 421 3274 et
436 3212 515 3293 quia
530 3208 652 3274 classis
667 3209 828 3275 adversus
848 3231 927 3275 eum
947 3219 1113 3295 apparata
1128 3213 1194 3278 for·

88 3318 245 3376 tanatum
260 3311 426 3394 spondeat
440 3312 521 3377 belli
534 3320 706 3390 eventum,
718 3332 793 3396 cap.
811 3328 885 3376 xrr.

132 3411 176 3476 In
190 3411 349 3496 Epilogo,
362 3412 488 3479 Orator
502 3414 637 3478 felicem
648 3414 814 3497 praedicat
824 3414 969 3479 Romam
983 3414 1036 3478 bis
1052 3415 1096 3479 im
1101 3437 1194 3500 pera·

88 3516 219 3580 toribus
246 3521 314 3580 tam
342 3517 584 3595 concordibus,
606 3535 684 3600 cap.
700 3532 791 3581 xrrr.
813 3517 933 3582 deinde
957 3516 1135 3583 feliciorem
1160 3520 1193 3583 in
1234 3603 1236 3607 Ι

87 3616 238 3685 futurum
254 3622 446 3698 auguratur,
462 3618 492 3681 si
507 3618 621 3684 videat
636 3637 696 3682 eos
709 3616 1019 3698 reduces'victores,
1032 3639 1099 3685 una
1115 3639 1192 3684 curn

89 3710 294 3784 Maximiani
308 3717 392 3797 filio,
410 3721 471 3784 &a
494 3739 570 3803 cap.
588 3732 673 3784 xiv·-

619 3910 664 3975 V.

132 4023 211 4091 Etsi
227 4026 314 4092 adeo
328 4028 384 4093 bic
399 4028 631 4111 Panegyricus
653 4027 871 4112 potissimum
893 4030 928 4095 in
942 4010 1098 4094 honorem
1115 4030 1192 4097 Ma·

87 4125 236 4195 ximiani
251 4128 397 4214 Augusti
411 4131 522 4198 dietus
538 4138 603 4211 est,
619 4150 684 4197 non
705 4133 815 4199 miuus
833 4142 944 4199 tamen
961 4130 1086 4198 Orator
1100 4133 1192 4199 iden·
