2730 4726
129 275 217 342 1392
389 287 555 340 uuumur
580 290 813 342 ourrttnurr
838 293 953 344 torro

129 438 189 523 qui
213 435 386 502 veritatem
409 433 523 499 studio
546 434 741 501 aestimaret.
790 435 859 502 Sed
880 439 970 504 enim
990 437 1250 523 providentiam

129 548 222 607 tuam
235 534 341 604 latere
356 557 422 601 non
437 538 559 621 potuit,
574 539 731 621 quamvis
745 539 830 604 bene
846 540 1074 622 dissimulata,
1089 564 1235 628 pauper·

130 651 204 709 tua:
225 639 426 704 intellexisti
440 639 624 706 officiosam
641 652 677 706 et
690 641 867 707 honestam
878 642 1019 727 inopum
1030 644 1222 711 vanitatem.

171 741 263 807 Gur.
288 757 346 804 tx.
382 742 414 804 1.
436 741 565 826 Sponte
580 763 644 807 nos
662 744 705 807 ad
727 744 871 809 numinis
890 746 938 810 tui
953 747 1085 811 aditum
1101 767 1234 828 vocare,

127 850 250 930 sponte
271 843 377 921 affari,
393 848 526 927 sponte,
542 844 623 928 quid
646 847 722 927 opis
737 844 1016 925 desideraremus,
1030 847 1233 931 interrogare

128 946 285 1029 dignatus
299 965 347 1009 es.
391 945 424 1009 2.
447 944 536 1011 Haec
551 950 640 1017 sunt,
655 945 856 1029 Imperator,
871 966 949 1011 vera
962 948 1142 1033 beneficia,
1158 969 1233 1034 quae

127 1067 194 1114 non
209 1048 365 1132 precibus
378 1046 572 1129 efflagitata,
585 1047 645 1112 sed
656 1067 702 1112 ex
717 1048 904 1114 voluntaria
917 1054 976 1114 tua
989 1049 1146 1115 bonitate
1160 1071 1234 1135 pro·

127 1151 275 1226 veniunt,
289 1154 335 1224 et,
350 1148 434 1212 citra
448 1148 556 1214 ullam
568 1148 702 1230 petendi
718 1149 932 1226 molestiam,⁰
947 1150 1161 1233 adipiscendi
1175 1173 1233 1218 ro·

126 1253 293 1335 luptatem
312 1249 484 1314 dederunt.
527 1250 560 1312 3.
585 1248 711 1334 Neque
726 1251 815 1319 euim
829 1253 927 1334 parri
940 1252 1070 1334 negotii
1084 1259 1150 1332 est,
1167 1253 1233 1318 Im·

126 1358 316 1438 potatorem
331 1353 439 1417 totius
452 1353 544 1415 orbis
556 1372 617 1434 pro
632 1371 671 1416 se
686 1349 897 1441 peculiariter
909 1369 1038 1436 rogare,
1050 1355 1117 1419 sub
1133 1361 1232 1421 tantae

127 1451 318 1538 maJeslatis
341 1453 489 1518 effectur
511 1453 691 1537 perfricare
709 1453 863 1535 frontem,
880 1455 1007 1520 rnltnm
1020 1475 1234 1540 componere,

127 1557 325 1622 confirmare
350 1556 508 1630 animum,
535 1554 638 1622 rerba
664 1556 852 1638 concipere,
879 1556 1083 1641 trepidanter
1107 1557 1232 1635 dicere,

59 1656 62 1661 ’
129 1666 208 1742 apte
222 1657 384 1733 desinere,
401 1663 587 1739 expectare
603 1677 813 1741 responsum.
855 1659 889 1723 4.
912 1657 991 1722 Has
1008 1678 1129 1723 omnes
1153 1659 1232 1724 diffi-

127 1761 281 1831 cultates,
297 1759 496 1842 Imperator,
513 1759 722 1825 verecundiae
744 1764 870 1824 nostrae
889 1758 1073 1836 remisisti,‘¹
1094 1780 1165 1825 non
1181 1781 1232 1826 so·

128 1863 200 1928 lum
216 1863 303 1927 ultro
317 1862 583 1944 percunctando,
599 1860 680 1946 quid
701 1859 838 1924 remedii
851 1879 1080 1944 posceremus,
1095 1861 1156 1925 sed
1173 1863 1233 1926 eti-

128 1983 183 2030 am
207 1965 269 2030 tibi
292 1964 360 2049 ipsi
385 1963 618 2047 suggerendo}
643 1980 723 2047 quae
747 1980 811 2027 nos
836 1961 1043 2041 tacebamus,
1068 1961 1149 2028 dum
1172 1983 1232 2028 uos

161 2145 169 2178 ¹
188 2146 272 2196 Terret
280 2147 330 2211 ipre
339 2148 501 2212 duqairerrdo.

588 2242 771 2268 octennem

17 2411 20 2418 Ι
127 2350 327 2405 mrteddaett.
354 2369 377 2403 o.
392 2354 533 2416 protulimus
548 2354 610 2404 Vet.
627 2355 711 2404 Lirin.
731 2352 952 2416 Bertiu.Cnspio.
967 2359 996 2404 et
1011 2353 1233 2406 Ereschouhor.

128 2415 208 2479 idque
229 2419 326 2478 primun
344 2420 418 2467 dedit
437 2418 546 2467 Gruter.
562 2433 673 2481 eumque
691 2419 774 2468 secuti
792 2427 853 2468 tuot
870 2426 979 2468 recentt.
994 2426 1091 2482 preter
1108 2420 1196 2470 Ririn.
1210 2426 1232 2469 l.

129 2480 197 2529 Voc.
207 2483 347 2543 protulimus
357 2484 446 2532 delent
462 2484 543 2531 Lirin.
555 2491 582 2534 et
601 2485 716 2534 Patarol.
728 2498 837 2546 earuqtre
853 2497 904 2532 non
918 2483 999 2533 tolum
1011 2484 1131 2542 otiosam,
1150 2487 1196 2534 sed
1207 2492 1232 2534 et

127 2545 260 2595 lustrarem
279 2549 461 2611 repetitionem
483 2553 557 2611 potat
579 2549 678 2611 Jaeger.
707 2549 877 2598 ‘Pnturolum
893 2549 919 2597 in
934 2549 1046 2597 delenda
1064 2563 1128 2599 voce
1143 2559 1233 2600 contra

128 2608 205 2660 codd.
217 2613 289 2674 requi
300 2626 350 2662 uon
362 2628 416 2662 turn
429 2627 513 2671 aanor,
526 2615 643 2677 quamvis
655 2614 761 2676 Jregero
773 2611 919 2662 assentiar!
938 2612 1027 2662 Amrz.

162 2675 229 2725 Car.
240 2690 282 2726 rx.
309 2682 323 2727 l
342 2679 410 2727 Edd.
421 2683 482 2726 ante
494 2678 591 2740 Juger.
602 2679 695 2728 aditum
705 2692 773 2727 occur
780 2694 791 2736 ,·
803 2679 903 2728 Bertin.
912 2684 940 2727 et
949 2678 1012 2726 Vel.
1022 2676 1107 2726 Lirin.
1129 2693 1233 2734 necuter,

128 2740 280 2791 adhaerente
302 2742 328 2790 iu
344 2741 396 2791 fiue
415 2743 492 2790 litera
511 2743 596 2805 prima
612 2744 744 2804 sequentis
763 2743 851 2803 rerbi3
867 2742 927 2791 hinc
945 2741 1030 2791 Lirin.
1046 2742 1117 2806 conj.
1144 2757 1236 2804 norme,
1279 2791 1285 2806 ,

128 2805 168 2854 uti
180 2806 275 2869 legitur
286 2807 312 2857 in
323 2808 383 2858 Vct.
396 2808 506 2856 Puteau.
517 2805 587 2857 (lud.
599 2816 626 2856 et
637 2808 724 2856 Moerl.
752 2809 878 2870 quodopan
890 2807 999 2868 Cuspio.
1012 2805 1131 2855 Rheuun.
1142 2807 1233 2870 Steplt.

128 2869 215 2919 Liriu.
235 2880 263 2922 et
287 2871 373 2923 Riviu.
399 2873 457 2935 quid
476 2887 533 2935 opus
554 2872 617 2920 Vet.
638 2873 748 2921 Putean.
767 2873 828 2920 Vel.
844 2872 929 2922 Lirin.
951 2879 978 2920 et
996 2871 1083 2919 Murri.
1110 2873 1169 2934 preld
1185 2872 1233 2935 opit

128 2934 242 2997 Guelplr.
261 2937 326 2987 Exc.
344 2939 425 3000 Lang.
447 2951 506 2986 eum
528 2935 588 2984 edd.
609 2935 730 2985 Francot‘.
749 2941 777 2985 et
794 2943 905 2985 recentt.
932 2949 990 2997 opus
1006 2936 1128 2984 omissum
1148 2944 1190 2984 est
1209 2938 1232 2984 in

128 3000 251 3049 Charton.
264 3002 378 3063 qrtarrrris
394 3016 426 3050 ex
444 3016 474 3050 eo
491 3000 588 3050 habeat
607 3001 754 3061 Livineius,
765 3004 848 3061 aperte
864 3007 925 3049 aute
942 3001 1004 3062 quod
1020 3014 1077 3062 opus
1094 3000 1234 3049 omiserant

129 3062 214 3112 Lirin.
233 3072 262 3114 et
284 3065 317 3113 P.
334 3066 427 3129 steph.
453 3066 611 3128 desideremus
630 3067 716 3115 Moerl.
745 3065 904 3114 desideramus
923 3064 1097 3113 enarrem-u
1115 3064 1233 3114 Rherran.

127 3128 219 3190 Steph.
241 3129 328 3178 Lirin·
348 3130 434 3179 Riviu.
452 3131 485 3179 al.
502 3136 566 3178 vett.
584 3135 626 3178 trra
644 3130 807 3191 benignitate5
825 3130 887 3178 Vet.
904 3129 988 3178 Lirin.
1007 3129 1110 3178 Bertin.
1126 3131 1234 3191 Cuspio.

128 3192 243 3255 Guelph.
259 3193 336 3244 Grut.
349 3202 375 3245 et
389 3201 501 3244 receutt.
513 3199 555 3243 tua
566 3193 679 3244 bonitate.
697 3195 807 3244 ‘Utrum
828 3194 911 3248 mulia,
931 3208 1021 3256 purum
1036 3193 1136 3242 referre
1155 3193 1233 3256 putu!

127 3257 219 3318 Jaeger.
244 3256 581 3321 ‘ureteraduelpumata’
597 3258 735 3308 Arata-³
753 3258 962 3321 imp.edd.vett.
989 3258 1162 3320 Imperatorem
1173 3261 1232 3308 Vet.

128 3321 243 3385 Putean.
255 3332 282 3373 et
295 3326 331 3373 ric
343 3326 413 3388 conj.
430 3325 531 3373 Acidul.
558 3323 654 3373 ‘Vocis
673 3324 864 3388 compendium,
881 3322 949 3385 quod
963 3321 989 3369 iu
1001 3324 1114 3385 antiquis
1127 3330 1166 3371 est
1176 3323 1233 3372 edd.

127 3385 186 3445 ipra
194 3384 271 3448 jubet
289 3391 421 3439 sententia
432 3389 471 3438 ita
482 3387 631 3449 exponere)
646 3389 735 3438 Arutz.
760 3389 814 3437 Pro
828 3387 926 3449 affeetu,
941 3385 1010 3449 quod
1027 3395 1134 3436 terrant
1150 3388 1233 3438 Moeri.

129 3448 242 3513 Guelplr.
253 3453 359 3513 Cuspio.
375 3453 489 3503 Rhenan.
501 3452 594 3515 Steph.
608 3453 692 3502 Lirin.
704 3450 824 3501 Fraurof·
835 3452 919 3501 Paris.
932 3451 1049 3500 Putarol.
1076 3451 1158 3515 affatu
1167 3451 1232 3514 conj.

130 3513 214 3563 Liviu-
241 3523 335 3579 urpectu
355 3518 462 3567 Gruter.
482 3526 509 3567 et
531 3517 633 3566 Acidul.
667 3518 843 3579 intrepidanter
861 3517 939 3565 dicere
962 3515 1030 3578 conj.
1051 3515 1119 3564 idem
1133 3517 1233 3565 Acidal.

128 3579 229 3642 ‘operte
245 3582 350 3632 derium
369 3582 483 3646 Guelplr.
505 3581 592 3632 male.'
609 3581 746 3632 Aratu-4
764 3581 877 3646 Guelph.
896 3588 924 3629 et
942 3579 1005 3630 Vet.
1023 3579 1109 3629 Lirin.
1125 3581 1233 3636 reauittr',

630 3744 736 3796 Norffi
829 3750 831 3753 ’

160 3857 172 3883 ⁰
190 3849 292 3901 Peterdt
302 3848 444 3913 molestiam]
462 3851 547 3902 Vetus
564 3858 605 3900 ert
621 3848 659 3900 ef·
701 3851 826 3900 Senecam
839 3848 872 3898 do
885 3847 1032 3911 Beneficiis.

128 3922 222 3989 fatum,
235 3933 241 3954 ¹
252 3927 323 3977 Nihil
336 3928 420 3977 carine
433 3928 578 3991 emi‚quam
589 3926 658 3991 qnod
732 3933 745 3967 Ρ
763 3924 901 3986 Maiestatis
919 3924 1010 3990 affeetu
1028 3922 1148 3988 [otperto]
1166 3923 1233 3975 Gru·

128 4000 251 4064 precibus
277 4003 414 4052 emendum
440 4002 505 4053 est.'
540 4004 574 4052 Et
598 4017 660 4052 vero
702 4002 751 4051 teri
764 4001 970 4058 emendationem
988 3999 1015 4048 in
1032 4007 1184 4049 contextum
1196 4000 1232 4047 in-

129 4074 249 4125 beneficii
266 4078 305 4127 rui
328 4078 434 4140 gratiam
455 4077 594 4140 extinguit,
616 4078 660 4141 qui
702 4078 780 4138 serui,
792 4091 837 4140 pro
850 4092 881 4127 eo
893 4078 961 4143 quod
973 4084 1029 4127 erat
1043 4081 1133 4141 antea,
1149 4074 1232 4137 muirt-

129 4163 180 4198 non
200 4161 286 4205 votum
305 4155 419 4218 rogantis
441 4160 560 4219 occupat·
594 4153 661 4206 Vide
701 4152 870 4218 tetieoffectu.
