<?xml version="1.0" encoding="UTF-8"?>
<!DOCTYPE html PUBLIC "-//W3C//DTD XHTML 1.0 Transitional//EN"
    "http://www.w3.org/TR/xhtml1/DTD/xhtml1-transitional.dtd">
<html xmlns="http://www.w3.org/1999/xhtml" xml:lang="en" lang="en">
 <head>
  <title>
</title>
<meta http-equiv="Content-Type" content="text/html;charset=utf-8" />
  <meta name='ocr-system' content='tesseract 3.04.00' />
  <meta name='ocr-capabilities' content='ocr_page ocr_carea ocr_par ocr_line ocrx_word'/>
</head>
<body>
  <div class='ocr_page' id='page_1' title='image "./panegyriciveter01baungoog_0442.png"; bbox 0 0 2730 4726; ppageno 0'>
   <div class='ocr_carea' id='block_1_1' title="bbox 461 312 1227 386">
    <p class='ocr_par' dir='ltr' id='par_1_1' title="bbox 461 312 1227 386">
     <span class='ocr_line' id='line_1_1' title="bbox 461 312 1227 386; baseline -0.003 -1"><span class='ocrx_word' id='word_1_1' title='bbox 461 330 630 386; x_wconf 79' lang='lat' dir='ltr'><strong>rumino</strong></span> <span class='ocrx_word' id='word_1_2' title='bbox 655 330 745 382; x_wconf 79' lang='lat' dir='ltr'><strong>auo.</strong></span> <span class='ocrx_word' id='word_1_3' title='bbox 762 330 818 380; x_wconf 81' lang='lat' dir='ltr'><strong>nr.</strong></span> <span class='ocrx_word' id='word_1_4' title='bbox 837 314 892 382; x_wconf 64' lang='lat' dir='ltr'><strong>bt</strong></span> <span class='ocrx_word' id='word_1_5' title='bbox 948 346 951 353; x_wconf 95' lang='lat'>·</span> <span class='ocrx_word' id='word_1_6' title='bbox 1137 312 1227 384; x_wconf 71' lang='lat'><strong>1529</strong></span> 
     </span>
    </p>
   </div>
   <div class='ocr_carea' id='block_1_2' title="bbox 125 475 1231 1899">
    <p class='ocr_par' dir='ltr' id='par_1_2' title="bbox 125 475 1231 1899">
     <span class='ocr_line' id='line_1_2' title="bbox 128 475 1226 550; baseline -0.006 -1"><span class='ocrx_word' id='word_1_7' title='bbox 128 483 233 550; x_wconf 85' lang='lat' dir='ltr'><strong>unius</strong></span> <span class='ocrx_word' id='word_1_8' title='bbox 254 479 332 546; x_wconf 87' lang='lat' dir='ltr'><strong>anui</strong></span> <span class='ocrx_word' id='word_1_9' title='bbox 352 480 487 544; x_wconf 88' lang='lat' dir='ltr'><strong>ubertas</strong></span> <span class='ocrx_word' id='word_1_10' title='bbox 508 485 560 544; x_wconf 87' lang='lat' dir='ltr'><strong>est</strong></span> <span class='ocrx_word' id='word_1_11' title='bbox 579 478 783 542; x_wconf 89' lang='lat' dir='ltr'><strong>consulatus.</strong></span> <span class='ocrx_word' id='word_1_12' title='bbox 825 478 858 540; x_wconf 82' lang='grc'><strong>4.</strong></span> <span class='ocrx_word' id='word_1_13' title='bbox 882 475 1032 540; x_wconf 89' lang='lat' dir='ltr'><strong>Primum</strong></span> <span class='ocrx_word' id='word_1_14' title='bbox 1051 475 1226 542; x_wconf 87' lang='lat' dir='ltr'><strong>thesauro·</strong></span> 
     </span>
     <span class='ocr_line' id='line_1_3' title="bbox 128 577 1226 662; baseline -0.002 -12"><span class='ocrx_word' id='word_1_15' title='bbox 128 605 205 651; x_wconf 88' lang='lat' dir='ltr'><strong>rum</strong></span> <span class='ocrx_word' id='word_1_16' title='bbox 231 585 376 648; x_wconf 88' lang='lat' dir='ltr'><strong>omnium</strong></span> <span class='ocrx_word' id='word_1_17' title='bbox 402 581 558 646; x_wconf 87' lang='lat' dir='ltr'><strong>mandata</strong></span> <span class='ocrx_word' id='word_1_18' title='bbox 581 580 750 657; x_wconf 85' lang='lat' dir='ltr'><strong>custodia,</strong></span> <span class='ocrx_word' id='word_1_19' title='bbox 777 585 813 643; x_wconf 92' lang='lat' dir='ltr'><strong>et</strong></span> <span class='ocrx_word' id='word_1_20' title='bbox 832 577 1035 662; x_wconf 81' lang='lat' dir='ltr'><strong>dispensatio</strong></span> <span class='ocrx_word' id='word_1_21' title='bbox 1056 579 1226 662; x_wconf 83' lang='lat' dir='ltr'><strong>largiendi.</strong></span> 
     </span>
     <span class='ocr_line' id='line_1_4' title="bbox 130 683 1225 766; baseline -0.005 -13"><span class='ocrx_word' id='word_1_22' title='bbox 130 687 325 754; x_wconf 87' lang='lat' dir='ltr'><strong>Secundum</strong></span> <span class='ocrx_word' id='word_1_23' title='bbox 339 687 450 751; x_wconf 87' lang='lat' dir='ltr'><strong>locum</strong></span> <span class='ocrx_word' id='word_1_24' title='bbox 466 690 555 749; x_wconf 89' lang='lat' dir='ltr'><strong>tenet</strong></span> <span class='ocrx_word' id='word_1_25' title='bbox 569 684 603 747; x_wconf 93' lang='lat' dir='ltr'><strong>in</strong></span> <span class='ocrx_word' id='word_1_26' title='bbox 621 683 779 747; x_wconf 89' lang='lat' dir='ltr'><strong>honorum</strong></span> <span class='ocrx_word' id='word_1_27' title='bbox 794 701 942 747; x_wconf 91' lang='lat' dir='ltr'><strong>meorum</strong></span> <span class='ocrx_word' id='word_1_28' title='bbox 961 683 1124 746; x_wconf 88' lang='lat' dir='ltr'><strong>fructibus</strong></span> <span class='ocrx_word' id='word_1_29' title='bbox 1139 703 1225 766; x_wconf 87' lang='lat' dir='ltr'><strong>prae-</strong></span> 
     </span>
     <span class='ocr_line' id='line_1_5' title="bbox 129 785 1227 870; baseline -0.005 -15"><span class='ocrx_word' id='word_1_30' title='bbox 129 792 272 856; x_wconf 81' lang='lat' dir='ltr'><strong>fectum.</strong></span> <span class='ocrx_word' id='word_1_31' title='bbox 315 786 464 853; x_wconf 84' lang='lat' dir='ltr'><strong>Additus</strong></span> <span class='ocrx_word' id='word_1_32' title='bbox 476 787 541 864; x_wconf 87' lang='lat' dir='ltr'><strong>bis,</strong></span> <span class='ocrx_word' id='word_1_33' title='bbox 556 805 623 870; x_wconf 91' lang='lat' dir='ltr'><strong>quo</strong></span> <span class='ocrx_word' id='word_1_34' title='bbox 638 785 691 850; x_wconf 88' lang='lat' dir='ltr'><strong>vel</strong></span> <span class='ocrx_word' id='word_1_35' title='bbox 705 786 779 850; x_wconf 93' lang='lat' dir='ltr'><strong>solo</strong></span> <span class='ocrx_word' id='word_1_36' title='bbox 794 785 973 869; x_wconf 91' lang='lat' dir='ltr'><strong>cujuslibet</strong></span> <span class='ocrx_word' id='word_1_37' title='bbox 991 786 1136 850; x_wconf 88' lang='lat' dir='ltr'><strong>aviditas</strong></span> <span class='ocrx_word' id='word_1_38' title='bbox 1156 787 1227 852; x_wconf 88' lang='lat' dir='ltr'><strong>rin·</strong></span> 
     </span>
     <span class='ocr_line' id='line_1_6' title="bbox 128 888 1227 977; baseline -0.005 -18"><span class='ocrx_word' id='word_1_39' title='bbox 128 901 275 970; x_wconf 81' lang='lat' dir='ltr'><strong>caretur,</strong></span> <span class='ocrx_word' id='word_1_40' title='bbox 294 900 513 977; x_wconf 81' lang='lat' dir='ltr'><strong>proventuum</strong></span> <span class='ocrx_word' id='word_1_41' title='bbox 533 898 664 956; x_wconf 90' lang='lat' dir='ltr'><strong>tuorum</strong></span> <span class='ocrx_word' id='word_1_42' title='bbox 689 890 818 968; x_wconf 91' lang='lat' dir='ltr'><strong>tertius,</strong></span> <span class='ocrx_word' id='word_1_43' title='bbox 837 889 1040 954; x_wconf 87' lang='lat' dir='ltr'><strong>consulatus.</strong></span> <span class='ocrx_word' id='word_1_44' title='bbox 1083 889 1115 953; x_wconf 87' lang='grc'><strong>5.</strong></span> <span class='ocrx_word' id='word_1_45' title='bbox 1140 888 1227 954; x_wconf 87' lang='lat' dir='ltr'><strong>Dein</strong></span> 
     </span>
     <span class='ocr_line' id='line_1_7' title="bbox 130 991 1229 1078; baseline -0.005 -17"><span class='ocrx_word' id='word_1_46' title='bbox 130 1017 208 1061; x_wconf 87' lang='lat' dir='ltr'><strong>cnm</strong></span> <span class='ocrx_word' id='word_1_47' title='bbox 235 1014 314 1078; x_wconf 85' lang='lat' dir='ltr'><strong>ager</strong></span> <span class='ocrx_word' id='word_1_48' title='bbox 340 994 537 1060; x_wconf 84' lang='lat' dir='ltr'><strong>assiduitate</strong></span> <span class='ocrx_word' id='word_1_49' title='bbox 564 994 732 1057; x_wconf 84' lang='lat' dir='ltr'><strong>fructuum</strong></span> <span class='ocrx_word' id='word_1_50' title='bbox 755 993 790 1057; x_wconf 90' lang='lat' dir='ltr'><strong>in</strong></span> <span class='ocrx_word' id='word_1_51' title='bbox 815 993 957 1056; x_wconf 88' lang='lat' dir='ltr'><strong>maciem</strong></span> <span class='ocrx_word' id='word_1_52' title='bbox 980 991 1229 1076; x_wconf 55' lang='lat' dir='ltr'><strong>decoquatur?</strong></span> 
     </span>
     <span class='ocr_line' id='line_1_8' title="bbox 131 1094 1229 1182; baseline -0.002 -19"><span class='ocrx_word' id='word_1_53' title='bbox 131 1097 351 1182; x_wconf 87' lang='lat' dir='ltr'><strong>Imperatoris</strong></span> <span class='ocrx_word' id='word_1_54' title='bbox 365 1097 471 1161; x_wconf 91' lang='lat' dir='ltr'><strong>nostri</strong></span> <span class='ocrx_word' id='word_1_55' title='bbox 491 1096 660 1180; x_wconf 79' lang='lat' dir='ltr'><strong>posterior</strong></span> <span class='ocrx_word' id='word_1_56' title='bbox 674 1094 861 1159; x_wconf 84' lang='lat' dir='ltr'><strong>liberalitas</strong></span> <span class='ocrx_word' id='word_1_57' title='bbox 878 1095 979 1159; x_wconf 81' lang='lat' dir='ltr'><strong>uincit</strong></span> <span class='ocrx_word' id='word_1_58' title='bbox 993 1095 1147 1177; x_wconf 82' lang='lat' dir='ltr'><strong>priorem,</strong></span> <span class='ocrx_word' id='word_1_59' title='bbox 1163 1111 1229 1161; x_wconf 83' lang='lat' dir='ltr'><strong>nee</strong></span> 
     </span>
     <span class='ocr_line' id='line_1_9' title="bbox 130 1197 1228 1283; baseline -0.001 -18"><span class='ocrx_word' id='word_1_60' title='bbox 130 1201 169 1265; x_wconf 89' lang='lat' dir='ltr'><strong>fit</strong></span> <span class='ocrx_word' id='word_1_61' title='bbox 194 1201 307 1265; x_wconf 84' lang='lat' dir='ltr'><strong>effoeta</strong></span> <span class='ocrx_word' id='word_1_62' title='bbox 329 1199 504 1283; x_wconf 82' lang='lat' dir='ltr'><strong>gignendo,</strong></span> <span class='ocrx_word' id='word_1_63' title='bbox 528 1199 589 1264; x_wconf 89' lang='lat' dir='ltr'><strong>sed</strong></span> <span class='ocrx_word' id='word_1_64' title='bbox 617 1219 677 1282; x_wconf 91' lang='lat' dir='ltr'><strong>per</strong></span> <span class='ocrx_word' id='word_1_65' title='bbox 701 1199 793 1263; x_wconf 88' lang='lat' dir='ltr'><strong>vices</strong></span> <span class='ocrx_word' id='word_1_66' title='bbox 819 1199 983 1263; x_wconf 84' lang='lat' dir='ltr'><strong>fructuum</strong></span> <span class='ocrx_word' id='word_1_67' title='bbox 1008 1197 1228 1264; x_wconf 54' lang='lat' dir='ltr'><strong>soecundaturt</strong></span> 
     </span>
     <span class='ocr_line' id='line_1_10' title="bbox 132 1300 1229 1387; baseline -0.002 -19"><span class='ocrx_word' id='word_1_68' title='bbox 132 1303 239 1369; x_wconf 83' lang='lat' dir='ltr'><strong>Nova</strong></span> <span class='ocrx_word' id='word_1_69' title='bbox 264 1323 399 1387; x_wconf 87' lang='lat' dir='ltr'><strong>prorsus</strong></span> <span class='ocrx_word' id='word_1_70' title='bbox 424 1303 489 1366; x_wconf 90' lang='lat' dir='ltr'><strong>fuit</strong></span> <span class='ocrx_word' id='word_1_71' title='bbox 517 1303 680 1366; x_wconf 91' lang='lat' dir='ltr'><strong>honorum</strong></span> <span class='ocrx_word' id='word_1_72' title='bbox 708 1301 971 1377; x_wconf 84' lang='lat' dir='ltr'><strong>deferendorum,</strong></span> <span class='ocrx_word' id='word_1_73' title='bbox 997 1307 1033 1365; x_wconf 91' lang='lat' dir='ltr'><strong>et</strong></span> <span class='ocrx_word' id='word_1_74' title='bbox 1054 1300 1229 1384; x_wconf 82' lang='lat' dir='ltr'><strong>insperata</strong></span> 
     </span>
     <span class='ocr_line' id='line_1_11' title="bbox 131 1403 1228 1490; baseline -0.004 -19"><span class='ocrx_word' id='word_1_75' title='bbox 131 1407 321 1490; x_wconf 81' lang='lat' dir='ltr'><strong>congestio.</strong></span> <span class='ocrx_word' id='word_1_76' title='bbox 362 1407 396 1471; x_wconf 87' lang='lat'><strong>6.</strong></span> <span class='ocrx_word' id='word_1_77' title='bbox 422 1405 582 1470; x_wconf 92' lang='lat' dir='ltr'><strong>Nondum</strong></span> <span class='ocrx_word' id='word_1_78' title='bbox 611 1412 736 1469; x_wconf 90' lang='lat' dir='ltr'><strong>statum</strong></span> <span class='ocrx_word' id='word_1_79' title='bbox 766 1423 866 1467; x_wconf 87' lang='lat' dir='ltr'><strong>suum</strong></span> <span class='ocrx_word' id='word_1_80' title='bbox 893 1405 1035 1468; x_wconf 88' lang='lat' dir='ltr'><strong>siderum</strong></span> <span class='ocrx_word' id='word_1_81' title='bbox 1062 1403 1228 1467; x_wconf 87' lang='lat' dir='ltr'><strong>curricula</strong></span> 
     </span>
     <span class='ocr_line' id='line_1_12' title="bbox 129 1507 1229 1592; baseline -0.004 -19"><span class='ocrx_word' id='word_1_82' title='bbox 129 1514 351 1584; x_wconf 86' lang='lat' dir='ltr'><strong>mutaverant,</strong></span> <span class='ocrx_word' id='word_1_83' title='bbox 368 1508 440 1592; x_wconf 92' lang='lat' dir='ltr'><strong>jam</strong></span> <span class='ocrx_word' id='word_1_84' title='bbox 457 1508 622 1591; x_wconf 87' lang='lat' dir='ltr'><strong>Princeps</strong></span> <span class='ocrx_word' id='word_1_85' title='bbox 644 1526 777 1572; x_wconf 89' lang='lat' dir='ltr'><strong>cursum</strong></span> <span class='ocrx_word' id='word_1_86' title='bbox 799 1507 971 1590; x_wconf 87' lang='lat' dir='ltr'><strong>dignitatis</strong></span> <span class='ocrx_word' id='word_1_87' title='bbox 987 1507 1121 1571; x_wconf 91' lang='lat' dir='ltr'><strong>alterius</strong></span> <span class='ocrx_word' id='word_1_88' title='bbox 1137 1525 1229 1570; x_wconf 89' lang='lat' dir='ltr'><strong>com·</strong></span> 
     </span>
     <span class='ocr_line' id='line_1_13' title="bbox 129 1609 1229 1691; baseline -0.005 -14"><span class='ocrx_word' id='word_1_89' title='bbox 129 1613 331 1677; x_wconf 74' lang='lat' dir='ltr'><strong>movebaw</strong></span> <span class='ocrx_word' id='word_1_90' title='bbox 353 1612 552 1676; x_wconf 85' lang='lat' dir='ltr'><strong>etiamtum</strong></span> <span class='ocrx_word' id='word_1_91' title='bbox 571 1611 622 1674; x_wconf 92' lang='lat' dir='ltr'><strong>sol</strong></span> <span class='ocrx_word' id='word_1_92' title='bbox 642 1612 686 1674; x_wconf 91' lang='lat' dir='ltr'><strong>ab</strong></span> <span class='ocrx_word' id='word_1_93' title='bbox 708 1611 889 1674; x_wconf 89' lang='lat' dir='ltr'><strong>eorundem</strong></span> <span class='ocrx_word' id='word_1_94' title='bbox 906 1618 1071 1674; x_wconf 86' lang='lat' dir='ltr'><strong>astrorum</strong></span> <span class='ocrx_word' id='word_1_95' title='bbox 1095 1609 1229 1691; x_wconf 76' lang='lat' dir='ltr'><strong>regione</strong></span> 
     </span>
     <span class='ocr_line' id='line_1_14' title="bbox 129 1711 1230 1799; baseline -0.008 -16"><span class='ocrx_word' id='word_1_96' title='bbox 129 1714 300 1793; x_wconf 76' lang='lat' dir='ltr'><strong>radiabat,</strong></span> <span class='ocrx_word' id='word_1_97' title='bbox 319 1713 392 1799; x_wconf 91' lang='lat' dir='ltr'><strong>jam</strong></span> <span class='ocrx_word' id='word_1_98' title='bbox 407 1711 584 1796; x_wconf 77' lang='lat' dir='ltr'><strong>Augustus</strong></span> <span class='ocrx_word' id='word_1_99' title='bbox 604 1716 701 1778; x_wconf 88' lang='lat' dir='ltr'><strong>tertia</strong></span> <span class='ocrx_word' id='word_1_100' title='bbox 716 1715 934 1796; x_wconf 87' lang='lat' dir='ltr'><strong>magistratus</strong></span> <span class='ocrx_word' id='word_1_101' title='bbox 953 1713 1018 1777; x_wconf 91' lang='lat' dir='ltr'><strong>mei</strong></span> <span class='ocrx_word' id='word_1_102' title='bbox 1034 1712 1127 1794; x_wconf 82' lang='lat' dir='ltr'><strong>sigua</strong></span> <span class='ocrx_word' id='word_1_103' title='bbox 1143 1718 1230 1776; x_wconf 87' lang='lat' dir='ltr'><strong>tran·</strong></span> 
     </span>
     <span class='ocr_line' id='line_1_15' title="bbox 125 1814 1231 1899; baseline -0.005 -17"><span class='ocrx_word' id='word_1_104' title='bbox 125 1817 317 1884; x_wconf 73' lang='lat' dir='ltr'><strong>‘scanderat</strong></span> <span class='ocrx_word' id='word_1_105' title='bbox 359 1819 393 1884; x_wconf 86' lang='grc'><strong>7.</strong></span> <span class='ocrx_word' id='word_1_106' title='bbox 416 1817 557 1897; x_wconf 84' lang='lat' dir='ltr'><strong>Quaeso,</strong></span> <span class='ocrx_word' id='word_1_107' title='bbox 577 1838 643 1882; x_wconf 93' lang='lat' dir='ltr'><strong>non</strong></span> <span class='ocrx_word' id='word_1_108' title='bbox 665 1820 761 1883; x_wconf 86' lang='lat' dir='ltr'><strong>vobis</strong></span> <span class='ocrx_word' id='word_1_109' title='bbox 784 1817 893 1880; x_wconf 91' lang='lat' dir='ltr'><strong>inanis</strong></span> <span class='ocrx_word' id='word_1_110' title='bbox 913 1816 1028 1899; x_wconf 84' lang='lat' dir='ltr'><strong>gloriae</strong></span> <span class='ocrx_word' id='word_1_111' title='bbox 1048 1814 1231 1899; x_wconf 87' lang='lat' dir='ltr'><strong>cupidissi-</strong></span> 
     </span>
    </p>
   </div>
   <div class='ocr_carea' id='block_1_3' title="bbox 128 1918 1329 2003">
    <p class='ocr_par' dir='ltr' id='par_1_3' title="bbox 128 1918 1329 2003">
     <span class='ocr_line' id='line_1_16' title="bbox 128 1918 1329 2003; baseline -0.002 -19"><span class='ocrx_word' id='word_1_112' title='bbox 128 1936 221 1996; x_wconf 85' lang='lat' dir='ltr'><strong>mus,</strong></span> <span class='ocrx_word' id='word_1_113' title='bbox 237 1938 304 1985; x_wconf 88' lang='lat' dir='ltr'><strong>non</strong></span> <span class='ocrx_word' id='word_1_114' title='bbox 323 1919 467 2003; x_wconf 85' lang='lat' dir='ltr'><strong>flagrans</strong></span> <span class='ocrx_word' id='word_1_115' title='bbox 485 1921 670 1986; x_wconf 89' lang='lat' dir='ltr'><strong>ambitione</strong></span> <span class='ocrx_word' id='word_1_116' title='bbox 689 1920 830 1984; x_wconf 89' lang='lat' dir='ltr'><strong>notabili</strong></span> <span class='ocrx_word' id='word_1_117' title='bbox 850 1920 1027 1996; x_wconf 88' lang='lat' dir='ltr'><strong>videretur,</strong></span> <span class='ocrx_word' id='word_1_118' title='bbox 1051 1918 1082 1982; x_wconf 90' lang='lat' dir='ltr'><strong>si</strong></span> <span class='ocrx_word' id='word_1_119' title='bbox 1102 1918 1180 2000; x_wconf 90' lang='lat' dir='ltr'><strong>quis</strong></span> <span class='ocrx_word' id='word_1_120' title='bbox 1195 1918 1229 1982; x_wconf 88' lang='lat' dir='ltr'><strong>in</strong></span> <span class='ocrx_word' id='word_1_121' title='bbox 1324 1992 1329 1999; x_wconf 30' lang='lat'><strong>¹</strong></span> 
     </span>
    </p>
   </div>
   <div class='ocr_carea' id='block_1_4' title="bbox 127 2020 1308 2826">
    <p class='ocr_par' dir='ltr' id='par_1_4' title="bbox 130 2020 1308 2206">
     <span class='ocr_line' id='line_1_17' title="bbox 130 2020 1308 2108; baseline 0 -22"><span class='ocrx_word' id='word_1_122' title='bbox 130 2029 284 2087; x_wconf 85' lang='lat' dir='ltr'><strong>setanta</strong></span> <span class='ocrx_word' id='word_1_123' title='bbox 299 2022 423 2108; x_wconf 90' lang='lat' dir='ltr'><strong>pariter</strong></span> <span class='ocrx_word' id='word_1_124' title='bbox 436 2028 596 2107; x_wconf 87' lang='lat' dir='ltr'><strong>optasset,</strong></span> <span class='ocrx_word' id='word_1_125' title='bbox 612 2032 739 2108; x_wconf 89' lang='lat' dir='ltr'><strong>quanta</strong></span> <span class='ocrx_word' id='word_1_126' title='bbox 749 2023 783 2087; x_wconf 93' lang='lat' dir='ltr'><strong>in</strong></span> <span class='ocrx_word' id='word_1_127' title='bbox 795 2043 847 2086; x_wconf 90' lang='lat' dir='ltr'><strong>me</strong></span> <span class='ocrx_word' id='word_1_128' title='bbox 859 2042 923 2087; x_wconf 90' lang='lat' dir='ltr'><strong>uno</strong></span> <span class='ocrx_word' id='word_1_129' title='bbox 936 2020 1232 2105; x_wconf 71' lang='lat' dir='ltr'><strong>tempore&#39;dugus·¹</strong></span> <span class='ocrx_word' id='word_1_130' title='bbox 1304 2027 1308 2035; x_wconf 87' lang='lat'>&#39;</span> 
     </span>
     <span class='ocr_line' id='line_1_18' title="bbox 130 2125 371 2206; baseline -0.004 -17"><span class='ocrx_word' id='word_1_131' title='bbox 130 2131 191 2189; x_wconf 81' lang='lat' dir='ltr'><strong>tus</strong></span> <span class='ocrx_word' id='word_1_132' title='bbox 207 2125 371 2206; x_wconf 80' lang='lat' dir='ltr'><strong>ingessit‘l</strong></span> 
     </span>
    </p>

    <p class='ocr_par' dir='ltr' id='par_1_5' title="bbox 127 2224 1232 2826">
     <span class='ocr_line' id='line_1_19' title="bbox 172 2224 1232 2312; baseline 0.004 -23"><span class='ocrx_word' id='word_1_133' title='bbox 172 2224 265 2290; x_wconf 73' lang='lat' dir='ltr'><strong>Car.</strong></span> <span class='ocrx_word' id='word_1_134' title='bbox 283 2240 406 2291; x_wconf 87' lang='lat' dir='ltr'><strong>xxnr.</strong></span> <span class='ocrx_word' id='word_1_135' title='bbox 443 2225 475 2292; x_wconf 85' lang='lat'><strong>1.</strong></span> <span class='ocrx_word' id='word_1_136' title='bbox 498 2227 657 2293; x_wconf 90' lang='lat' dir='ltr'><strong>Habitari</strong></span> <span class='ocrx_word' id='word_1_137' title='bbox 668 2229 711 2293; x_wconf 90' lang='lat' dir='ltr'><strong>ab</strong></span> <span class='ocrx_word' id='word_1_138' title='bbox 723 2227 827 2312; x_wconf 88' lang='lat' dir='ltr'><strong>justis</strong></span> <span class='ocrx_word' id='word_1_139' title='bbox 842 2230 923 2294; x_wconf 86' lang='lat' dir='ltr'><strong>viris</strong></span> <span class='ocrx_word' id='word_1_140' title='bbox 939 2233 1043 2293; x_wconf 88' lang='lat' dir='ltr'><strong>terras</strong></span> <span class='ocrx_word' id='word_1_141' title='bbox 1055 2227 1090 2292; x_wconf 90' lang='lat' dir='ltr'><strong>iu</strong></span> <span class='ocrx_word' id='word_1_142' title='bbox 1102 2244 1232 2293; x_wconf 50' lang='lat' dir='ltr'><strong>oceano*</strong></span> 
     </span>
     <span class='ocr_line' id='line_1_20' title="bbox 127 2328 1230 2415; baseline -0.001 -20"><span class='ocrx_word' id='word_1_143' title='bbox 127 2329 253 2406; x_wconf 84' lang='lat' dir='ltr'><strong>serunt,</strong></span> <span class='ocrx_word' id='word_1_144' title='bbox 267 2346 355 2412; x_wconf 86' lang='lat' dir='ltr'><strong>quas</strong></span> <span class='ocrx_word' id='word_1_145' title='bbox 372 2328 631 2394; x_wconf 89' lang='lat' dir='ltr'><strong>Fortunatorum</strong></span> <span class='ocrx_word' id='word_1_146' title='bbox 650 2331 802 2396; x_wconf 79' lang='lat' dir='ltr'><strong>insulasc</strong></span> <span class='ocrx_word' id='word_1_147' title='bbox 823 2339 961 2409; x_wconf 85' lang='lat' dir='ltr'><strong>vocant,</strong></span> <span class='ocrx_word' id='word_1_148' title='bbox 977 2331 1068 2415; x_wconf 92' lang='lat' dir='ltr'><strong>quod</strong></span> <span class='ocrx_word' id='word_1_149' title='bbox 1083 2350 1142 2414; x_wconf 91' lang='lat' dir='ltr'><strong>per</strong></span> <span class='ocrx_word' id='word_1_150' title='bbox 1160 2328 1230 2408; x_wconf 82' lang='lat' dir='ltr'><strong>eae,</strong></span> 
     </span>
     <span class='ocr_line' id='line_1_21' title="bbox 128 2432 1231 2518; baseline -0.002 -20"><span class='ocrx_word' id='word_1_151' title='bbox 128 2450 199 2498; x_wconf 88' lang='lat' dir='ltr'><strong>non</strong></span> <span class='ocrx_word' id='word_1_152' title='bbox 214 2437 309 2497; x_wconf 87' lang='lat' dir='ltr'><strong>arato</strong></span> <span class='ocrx_word' id='word_1_153' title='bbox 329 2432 415 2506; x_wconf 84' lang='lat' dir='ltr'><strong>solo,</strong></span> <span class='ocrx_word' id='word_1_154' title='bbox 439 2432 603 2497; x_wconf 87' lang='lat' dir='ltr'><strong>frumenta</strong></span> <span class='ocrx_word' id='word_1_155' title='bbox 618 2441 814 2512; x_wconf 88' lang='lat' dir='ltr'><strong>nascuntur,</strong></span> <span class='ocrx_word' id='word_1_156' title='bbox 836 2434 988 2499; x_wconf 81' lang='lat' dir='ltr'><strong>fortuitis</strong></span> <span class='ocrx_word' id='word_1_157' title='bbox 1006 2435 1128 2499; x_wconf 87' lang='lat' dir='ltr'><strong>vitibus</strong></span> <span class='ocrx_word' id='word_1_158' title='bbox 1146 2433 1231 2518; x_wconf 84' lang='lat' dir='ltr'><strong>juga</strong></span> 
     </span>
     <span class='ocr_line' id='line_1_22' title="bbox 128 2533 1230 2619; baseline -0.001 -18"><span class='ocrx_word' id='word_1_159' title='bbox 128 2534 268 2601; x_wconf 83' lang='lat' dir='ltr'><strong>collium</strong></span> <span class='ocrx_word' id='word_1_160' title='bbox 284 2533 487 2611; x_wconf 75' lang='lat' dir='ltr'><strong>vestiuntur,</strong></span> <span class='ocrx_word' id='word_1_161' title='bbox 500 2539 620 2617; x_wconf 88' lang='lat' dir='ltr'><strong>sponte</strong></span> <span class='ocrx_word' id='word_1_162' title='bbox 634 2536 746 2619; x_wconf 91' lang='lat' dir='ltr'><strong>pomis</strong></span> <span class='ocrx_word' id='word_1_163' title='bbox 761 2537 857 2602; x_wconf 88' lang='lat' dir='ltr'><strong>arbor</strong></span> <span class='ocrx_word' id='word_1_164' title='bbox 871 2541 1039 2619; x_wconf 82' lang='lat' dir='ltr'><strong>gravatur,</strong></span> <span class='ocrx_word' id='word_1_165' title='bbox 1054 2535 1097 2600; x_wconf 89' lang='lat' dir='ltr'><strong>ad</strong></span> <span class='ocrx_word' id='word_1_166' title='bbox 1111 2535 1230 2600; x_wconf 77' lang='lat' dir='ltr'><strong>berba-</strong></span> 
     </span>
     <span class='ocr_line' id='line_1_23' title="bbox 128 2636 1230 2719; baseline 0.001 -18"><span class='ocrx_word' id='word_1_167' title='bbox 128 2655 204 2701; x_wconf 93' lang='lat' dir='ltr'><strong>rum</strong></span> <span class='ocrx_word' id='word_1_168' title='bbox 217 2636 329 2702; x_wconf 83' lang='lat' dir='ltr'><strong>ricem</strong></span> <span class='ocrx_word' id='word_1_169' title='bbox 341 2636 418 2701; x_wconf 90' lang='lat' dir='ltr'><strong>olus</strong></span> <span class='ocrx_word' id='word_1_170' title='bbox 434 2637 535 2719; x_wconf 84' lang='lat' dir='ltr'><strong>vulgo</strong></span> <span class='ocrx_word' id='word_1_171' title='bbox 550 2643 610 2702; x_wconf 88' lang='lat' dir='ltr'><strong>est.</strong></span> <span class='ocrx_word' id='word_1_172' title='bbox 646 2638 680 2700; x_wconf 80' lang='lat'><strong>2.</strong></span> <span class='ocrx_word' id='word_1_173' title='bbox 697 2636 875 2716; x_wconf 84' lang='lat' dir='ltr'><strong>Quantula</strong></span> <span class='ocrx_word' id='word_1_174' title='bbox 889 2639 958 2703; x_wconf 92' lang='lat' dir='ltr'><strong>ista</strong></span> <span class='ocrx_word' id='word_1_175' title='bbox 970 2643 1061 2717; x_wconf 91' lang='lat' dir='ltr'><strong>sunt,</strong></span> <span class='ocrx_word' id='word_1_176' title='bbox 1073 2638 1103 2702; x_wconf 94' lang='lat' dir='ltr'><strong>si</strong></span> <span class='ocrx_word' id='word_1_177' title='bbox 1120 2638 1230 2703; x_wconf 90' lang='lat' dir='ltr'><strong>Deum</strong></span> 
     </span>
     <span class='ocr_line' id='line_1_24' title="bbox 129 2739 1232 2826; baseline -0.002 -21"><span class='ocrx_word' id='word_1_178' title='bbox 129 2743 302 2817; x_wconf 70' lang='lat' dir='ltr'><strong>auctorem</strong></span> <span class='ocrx_word' id='word_1_179' title='bbox 316 2739 521 2817; x_wconf 84' lang='lat' dir='ltr'><strong>consideres,</strong></span> <span class='ocrx_word' id='word_1_180' title='bbox 534 2740 693 2806; x_wconf 80' lang='lat' dir='ltr'><strong>munerat</strong></span> <span class='ocrx_word' id='word_1_181' title='bbox 737 2739 871 2826; x_wconf 88' lang='lat' dir='ltr'><strong>Nempe</strong></span> <span class='ocrx_word' id='word_1_182' title='bbox 884 2741 980 2807; x_wconf 89' lang='lat' dir='ltr'><strong>nobis</strong></span> <span class='ocrx_word' id='word_1_183' title='bbox 995 2759 1141 2824; x_wconf 90' lang='lat' dir='ltr'><strong>quoque,</strong></span> <span class='ocrx_word' id='word_1_184' title='bbox 1152 2758 1232 2811; x_wconf 85' lang='lat' dir='ltr'><strong>cum</strong></span> 
     </span>
    </p>
   </div>
   <div class='ocr_carea' id='block_1_5' title="bbox 161 2918 858 3055">
    <p class='ocr_par' dir='ltr' id='par_1_6' title="bbox 161 2918 858 3055">
     <span class='ocr_line' id='line_1_25' title="bbox 162 2918 466 2975; baseline 0 -3"><span class='ocrx_word' id='word_1_185' title='bbox 162 2918 176 2956; x_wconf 58' lang='grc' dir='ltr'><strong>θ</strong></span> <span class='ocrx_word' id='word_1_186' title='bbox 191 2923 466 2975; x_wconf 68' lang='lat' dir='ltr'><strong>Macilenturrrddutar.</strong></span> 
     </span>
     <span class='ocr_line' id='line_1_26' title="bbox 161 2989 858 3055; baseline 0.001 -16"><span class='ocrx_word' id='word_1_187' title='bbox 161 2997 173 3023; x_wconf 74' lang='lat'><strong>⁹</strong></span> <span class='ocrx_word' id='word_1_188' title='bbox 189 2989 248 3039; x_wconf 72' lang='lat' dir='ltr'><strong>darn</strong></span> <span class='ocrx_word' id='word_1_189' title='bbox 258 2989 387 3055; x_wconf 76' lang='lat' dir='ltr'><strong>imperator</strong></span> <span class='ocrx_word' id='word_1_190' title='bbox 396 3005 482 3040; x_wconf 79' lang='lat' dir='ltr'><strong>novum</strong></span> <span class='ocrx_word' id='word_1_191' title='bbox 491 2989 635 3053; x_wconf 80' lang='lat' dir='ltr'><strong>dignitatem</strong></span> <span class='ocrx_word' id='word_1_192' title='bbox 644 2990 704 3041; x_wconf 84' lang='lat' dir='ltr'><strong>milri</strong></span> <span class='ocrx_word' id='word_1_193' title='bbox 714 2990 858 3042; x_wconf 80' lang='lat' dir='ltr'><strong>destinabat.</strong></span> 
     </span>
    </p>
   </div>
   <div class='ocr_carea' id='block_1_6' title="bbox 583 3136 766 3157">
    <p class='ocr_par' dir='ltr' id='par_1_7' title="bbox 583 3136 766 3157">
     <span class='ocr_line' id='line_1_27' title="bbox 583 3136 766 3157; baseline 0 0"><span class='ocrx_word' id='word_1_194' title='bbox 583 3136 766 3157; x_wconf 60' lang='lat' dir='ltr'><strong>mum</strong></span> 
     </span>
    </p>
   </div>
   <div class='ocr_carea' id='block_1_7' title="bbox 128 3233 1265 3690">
    <p class='ocr_par' dir='ltr' id='par_1_8' title="bbox 128 3233 1265 3690">
     <span class='ocr_line' id='line_1_28' title="bbox 130 3233 1237 3288; baseline 0.002 -2"><span class='ocrx_word' id='word_1_195' title='bbox 130 3233 220 3286; x_wconf 79' lang='lat' dir='ltr'><strong>Moerl.</strong></span> <span class='ocrx_word' id='word_1_196' title='bbox 238 3233 299 3283; x_wconf 74' lang='lat' dir='ltr'><strong>atat</strong></span> <span class='ocrx_word' id='word_1_197' title='bbox 313 3249 336 3284; x_wconf 86' lang='lat' dir='ltr'><strong>c.</strong></span> <span class='ocrx_word' id='word_1_198' title='bbox 352 3238 421 3285; x_wconf 77' lang='lat' dir='ltr'><strong>terrra</strong></span> <span class='ocrx_word' id='word_1_199' title='bbox 437 3235 575 3286; x_wconf 67' lang='lat' dir='ltr'><strong>Mrem—4</strong></span> <span class='ocrx_word' id='word_1_200' title='bbox 586 3237 708 3286; x_wconf 74' lang='lat' dir='ltr'><strong>Bonorum</strong></span> <span class='ocrx_word' id='word_1_201' title='bbox 723 3251 826 3286; x_wconf 86' lang='lat' dir='ltr'><strong>meorum</strong></span> <span class='ocrx_word' id='word_1_202' title='bbox 843 3235 947 3286; x_wconf 81' lang='lat' dir='ltr'><strong>Puteol.</strong></span> <span class='ocrx_word' id='word_1_203' title='bbox 965 3234 1082 3284; x_wconf 85' lang='lat' dir='ltr'><strong>Rbenan.</strong></span> <span class='ocrx_word' id='word_1_204' title='bbox 1106 3233 1142 3283; x_wconf 83' lang='lat' dir='ltr'><strong>ll.</strong></span> <span class='ocrx_word' id='word_1_205' title='bbox 1158 3241 1184 3283; x_wconf 89' lang='lat' dir='ltr'><strong>et</strong></span> <span class='ocrx_word' id='word_1_206' title='bbox 1196 3234 1237 3288; x_wconf 58' lang='grc' dir='ltr'><strong>Ρ.»</strong></span> 
     </span>
     <span class='ocr_line' id='line_1_29' title="bbox 128 3298 1233 3364; baseline -0.003 -13"><span class='ocrx_word' id='word_1_207' title='bbox 128 3301 223 3364; x_wconf 76' lang='lat' dir='ltr'><strong>Stepb.</strong></span> <span class='ocrx_word' id='word_1_208' title='bbox 240 3298 326 3348; x_wconf 85' lang='lat' dir='ltr'><strong>Lirin.</strong></span> <span class='ocrx_word' id='word_1_209' title='bbox 343 3299 428 3350; x_wconf 80' lang='lat' dir='ltr'><strong>llirlo.</strong></span> <span class='ocrx_word' id='word_1_210' title='bbox 446 3302 478 3348; x_wconf 85' lang='lat' dir='ltr'><strong>al.</strong></span> <span class='ocrx_word' id='word_1_211' title='bbox 497 3309 559 3349; x_wconf 85' lang='lat' dir='ltr'><strong>vett.</strong></span> <span class='ocrx_word' id='word_1_212' title='bbox 582 3302 694 3350; x_wconf 78' lang='lat' dir='ltr'><strong>tonorum</strong></span> <span class='ocrx_word' id='word_1_213' title='bbox 712 3317 815 3351; x_wconf 80' lang='lat' dir='ltr'><strong>meorum</strong></span> <span class='ocrx_word' id='word_1_214' title='bbox 825 3302 887 3350; x_wconf 84' lang='lat' dir='ltr'><strong>Vel.</strong></span> <span class='ocrx_word' id='word_1_215' title='bbox 905 3301 987 3350; x_wconf 85' lang='lat' dir='ltr'><strong>Lirin.</strong></span> <span class='ocrx_word' id='word_1_216' title='bbox 1004 3300 1105 3349; x_wconf 77' lang='lat' dir='ltr'><strong>Berlin.</strong></span> <span class='ocrx_word' id='word_1_217' title='bbox 1118 3301 1233 3363; x_wconf 64' lang='lat' dir='ltr'><strong>Guelpb.</strong></span> 
     </span>
     <span class='ocr_line' id='line_1_30' title="bbox 130 3364 1265 3430; baseline 0.001 -14"><span class='ocrx_word' id='word_1_218' title='bbox 130 3365 241 3430; x_wconf 75' lang='lat' dir='ltr'><strong>Cuspio.</strong></span> <span class='ocrx_word' id='word_1_219' title='bbox 253 3364 332 3415; x_wconf 87' lang='lat' dir='ltr'><strong>Grut.</strong></span> <span class='ocrx_word' id='word_1_220' title='bbox 347 3369 376 3414; x_wconf 87' lang='lat' dir='ltr'><strong>et</strong></span> <span class='ocrx_word' id='word_1_221' title='bbox 393 3373 504 3415; x_wconf 83' lang='lat' dir='ltr'><strong>recentt.</strong></span> <span class='ocrx_word' id='word_1_222' title='bbox 532 3365 607 3422; x_wconf 87' lang='lat' dir='ltr'><strong>Mox,</strong></span> <span class='ocrx_word' id='word_1_223' title='bbox 623 3367 750 3416; x_wconf 78' lang='lat' dir='ltr'><strong>aviditates</strong></span> <span class='ocrx_word' id='word_1_224' title='bbox 761 3367 914 3417; x_wconf 72' lang='lat' dir='ltr'><strong>Putant—5</strong></span> <span class='ocrx_word' id='word_1_225' title='bbox 929 3365 1016 3414; x_wconf 84' lang='lat' dir='ltr'><strong>‘Male</strong></span> <span class='ocrx_word' id='word_1_226' title='bbox 1028 3366 1140 3428; x_wconf 84' lang='lat' dir='ltr'><strong>Grrelplr.</strong></span> <span class='ocrx_word' id='word_1_227' title='bbox 1155 3366 1232 3415; x_wconf 74' lang='lat' dir='ltr'><strong>vincit</strong></span> <span class='ocrx_word' id='word_1_228' title='bbox 1262 3395 1265 3417; x_wconf 84' lang='lat' dir='ltr'><strong>l</strong></span> 
     </span>
     <span class='ocr_line' id='line_1_31' title="bbox 128 3428 1232 3496; baseline -0.002 -16"><span class='ocrx_word' id='word_1_229' title='bbox 128 3428 252 3496; x_wconf 53' lang='grc' dir='ltr'><strong>μήπω</strong></span> <span class='ocrx_word' id='word_1_230' title='bbox 264 3429 355 3479; x_wconf 83' lang='lat' dir='ltr'><strong>Arnta.</strong></span> <span class='ocrx_word' id='word_1_231' title='bbox 371 3429 484 3480; x_wconf 76' lang='lat' dir='ltr'><strong>benorum</strong></span> <span class='ocrx_word' id='word_1_232' title='bbox 493 3430 666 3490; x_wconf 83' lang='lat' dir='ltr'><strong>inserendorum</strong></span> <span class='ocrx_word' id='word_1_233' title='bbox 678 3433 780 3481; x_wconf 87' lang='lat' dir='ltr'><strong>Puteol.</strong></span> <span class='ocrx_word' id='word_1_234' title='bbox 792 3433 906 3482; x_wconf 82' lang='lat' dir='ltr'><strong>Rbennn.</strong></span> <span class='ocrx_word' id='word_1_235' title='bbox 918 3431 953 3480; x_wconf 84' lang='lat' dir='ltr'><strong>ll.</strong></span> <span class='ocrx_word' id='word_1_236' title='bbox 965 3438 992 3479; x_wconf 82' lang='lat' dir='ltr'><strong>et</strong></span> <span class='ocrx_word' id='word_1_237' title='bbox 1006 3431 1034 3480; x_wconf 89' lang='lat' dir='ltr'><strong>P.</strong></span> <span class='ocrx_word' id='word_1_238' title='bbox 1044 3431 1136 3493; x_wconf 86' lang='lat' dir='ltr'><strong>Stepb.</strong></span> <span class='ocrx_word' id='word_1_239' title='bbox 1147 3431 1232 3481; x_wconf 83' lang='lat' dir='ltr'><strong>Lirin.</strong></span> 
     </span>
     <span class='ocr_line' id='line_1_32' title="bbox 131 3494 1231 3560; baseline -0.004 -13"><span class='ocrx_word' id='word_1_240' title='bbox 131 3495 220 3546; x_wconf 80' lang='lat' dir='ltr'><strong>Birin.</strong></span> <span class='ocrx_word' id='word_1_241' title='bbox 242 3494 276 3544; x_wconf 81' lang='lat' dir='ltr'><strong>al.</strong></span> <span class='ocrx_word' id='word_1_242' title='bbox 296 3501 361 3544; x_wconf 85' lang='lat' dir='ltr'><strong>vett.</strong></span> <span class='ocrx_word' id='word_1_243' title='bbox 394 3495 505 3544; x_wconf 73' lang='lat' dir='ltr'><strong>tenorum</strong></span> <span class='ocrx_word' id='word_1_244' title='bbox 524 3496 703 3553; x_wconf 79' lang='lat' dir='ltr'><strong>deferendorum</strong></span> <span class='ocrx_word' id='word_1_245' title='bbox 723 3496 784 3547; x_wconf 83' lang='lat' dir='ltr'><strong>Vet.</strong></span> <span class='ocrx_word' id='word_1_246' title='bbox 805 3498 887 3546; x_wconf 81' lang='lat' dir='ltr'><strong>Lirin.</strong></span> <span class='ocrx_word' id='word_1_247' title='bbox 907 3498 1006 3546; x_wconf 77' lang='lat' dir='ltr'><strong>Berlin.</strong></span> <span class='ocrx_word' id='word_1_248' title='bbox 1029 3496 1142 3560; x_wconf 84' lang='lat' dir='ltr'><strong>Guelpb.</strong></span> <span class='ocrx_word' id='word_1_249' title='bbox 1164 3497 1231 3545; x_wconf 80' lang='lat' dir='ltr'><strong>Exn.</strong></span> 
     </span>
     <span class='ocr_line' id='line_1_33' title="bbox 130 3560 1232 3622; baseline -0.002 -12"><span class='ocrx_word' id='word_1_250' title='bbox 130 3561 277 3610; x_wconf 81' lang='lat' dir='ltr'><strong>Sebonbor.</strong></span> <span class='ocrx_word' id='word_1_251' title='bbox 285 3560 364 3609; x_wconf 85' lang='lat' dir='ltr'><strong>Grut.</strong></span> <span class='ocrx_word' id='word_1_252' title='bbox 374 3566 402 3609; x_wconf 91' lang='lat' dir='ltr'><strong>et</strong></span> <span class='ocrx_word' id='word_1_253' title='bbox 413 3570 523 3609; x_wconf 84' lang='lat' dir='ltr'><strong>recentt.</strong></span> <span class='ocrx_word' id='word_1_254' title='bbox 539 3562 651 3611; x_wconf 80' lang='lat' dir='ltr'><strong>tonorum</strong></span> <span class='ocrx_word' id='word_1_255' title='bbox 662 3561 836 3622; x_wconf 79' lang='lat' dir='ltr'><strong>referendorum</strong></span> <span class='ocrx_word' id='word_1_256' title='bbox 847 3565 963 3613; x_wconf 84' lang='lat' dir='ltr'><strong>Patarol.</strong></span> <span class='ocrx_word' id='word_1_257' title='bbox 997 3562 1070 3621; x_wconf 79' lang='lat' dir='ltr'><strong>Mox,</strong></span> <span class='ocrx_word' id='word_1_258' title='bbox 1086 3568 1111 3611; x_wconf 82' lang='lat' dir='ltr'><strong>et</strong></span> <span class='ocrx_word' id='word_1_259' title='bbox 1121 3561 1194 3609; x_wconf 78' lang='lat' dir='ltr'><strong>deest</strong></span> <span class='ocrx_word' id='word_1_260' title='bbox 1203 3562 1232 3609; x_wconf 85' lang='lat' dir='ltr'><strong>in</strong></span> 
     </span>
     <span class='ocr_line' id='line_1_34' title="bbox 130 3624 1230 3690; baseline -0.002 -14"><span class='ocrx_word' id='word_1_261' title='bbox 130 3624 221 3676; x_wconf 67' lang='lat' dir='ltr'><strong>Matr.</strong></span> <span class='ocrx_word' id='word_1_262' title='bbox 232 3632 261 3674; x_wconf 83' lang='lat' dir='ltr'><strong>et</strong></span> <span class='ocrx_word' id='word_1_263' title='bbox 272 3624 435 3687; x_wconf 61' lang='lat' dir='ltr'><strong>Ouelpa-6</strong></span> <span class='ocrx_word' id='word_1_264' title='bbox 447 3626 547 3675; x_wconf 75' lang='lat' dir='ltr'><strong>Bertin.</strong></span> <span class='ocrx_word' id='word_1_265' title='bbox 570 3627 659 3687; x_wconf 79' lang='lat' dir='ltr'><strong>etjam</strong></span> <span class='ocrx_word' id='word_1_266' title='bbox 670 3629 801 3690; x_wconf 79' lang='lat' dir='ltr'><strong>Augustus.</strong></span> <span class='ocrx_word' id='word_1_267' title='bbox 835 3631 910 3688; x_wconf 87' lang='lat' dir='ltr'><strong>Mox,</strong></span> <span class='ocrx_word' id='word_1_268' title='bbox 927 3627 996 3678; x_wconf 90' lang='lat' dir='ltr'><strong>Gud.</strong></span> <span class='ocrx_word' id='word_1_269' title='bbox 1018 3627 1064 3676; x_wconf 78' lang='lat' dir='ltr'><strong>mei</strong></span> <span class='ocrx_word' id='word_1_270' title='bbox 1080 3626 1230 3688; x_wconf 75' lang='lat' dir='ltr'><strong>insignia.-</strong></span> 
     </span>
    </p>
   </div>
   <div class='ocr_carea' id='block_1_8' title="bbox 130 3690 1232 3884">
    <p class='ocr_par' dir='ltr' id='par_1_9' title="bbox 130 3690 1232 3884">
     <span class='ocr_line' id='line_1_35' title="bbox 130 3690 1230 3758; baseline 0 -18"><span class='ocrx_word' id='word_1_271' title='bbox 130 3691 259 3748; x_wconf 62' lang='grc' dir='ltr'><strong>ΝΜ,</strong></span> <span class='ocrx_word' id='word_1_272' title='bbox 274 3703 332 3739; x_wconf 70' lang='lat' dir='ltr'><strong>nara</strong></span> <span class='ocrx_word' id='word_1_273' title='bbox 347 3691 410 3738; x_wconf 73' lang='lat' dir='ltr'><strong>Vct.</strong></span> <span class='ocrx_word' id='word_1_274' title='bbox 429 3691 513 3740; x_wconf 84' lang='lat' dir='ltr'><strong>Lirin.</strong></span> <span class='ocrx_word' id='word_1_275' title='bbox 533 3691 633 3742; x_wconf 73' lang='lat' dir='ltr'><strong>Berlin.</strong></span> <span class='ocrx_word' id='word_1_276' title='bbox 653 3693 723 3742; x_wconf 88' lang='lat' dir='ltr'><strong>Gud.</strong></span> <span class='ocrx_word' id='word_1_277' title='bbox 742 3694 828 3742; x_wconf 77' lang='lat' dir='ltr'><strong>Moerl.</strong></span> <span class='ocrx_word' id='word_1_278' title='bbox 846 3694 954 3758; x_wconf 83' lang='lat' dir='ltr'><strong>Cuspio.</strong></span> <span class='ocrx_word' id='word_1_279' title='bbox 976 3707 1032 3742; x_wconf 81' lang='lat' dir='ltr'><strong>num</strong></span> <span class='ocrx_word' id='word_1_280' title='bbox 1043 3690 1230 3757; x_wconf 74' lang='lat' dir='ltr'><strong>flogruarVet.</strong></span> 
     </span>
     <span class='ocr_line' id='line_1_36' title="bbox 130 3753 850 3821; baseline -0.001 -16"><span class='ocrx_word' id='word_1_281' title='bbox 130 3754 219 3809; x_wconf 69' lang='lat' dir='ltr'><strong>lirin·</strong></span> <span class='ocrx_word' id='word_1_282' title='bbox 228 3753 331 3806; x_wconf 77' lang='lat' dir='ltr'><strong>Berlin.</strong></span> <span class='ocrx_word' id='word_1_283' title='bbox 362 3755 437 3818; x_wconf 82' lang='lat' dir='ltr'><strong>Mox,</strong></span> <span class='ocrx_word' id='word_1_284' title='bbox 452 3757 542 3818; x_wconf 80' lang='lat' dir='ltr'><strong>partite</strong></span> <span class='ocrx_word' id='word_1_285' title='bbox 553 3761 656 3819; x_wconf 73' lang='lat' dir='ltr'><strong>optasset</strong></span> <span class='ocrx_word' id='word_1_286' title='bbox 667 3758 736 3821; x_wconf 89' lang='lat' dir='ltr'><strong>conj.</strong></span> <span class='ocrx_word' id='word_1_287' title='bbox 748 3758 850 3807; x_wconf 85' lang='lat' dir='ltr'><strong>Acidal.</strong></span> 
     </span>
     <span class='ocr_line' id='line_1_37' title="bbox 164 3816 1232 3884; baseline -0.001 -13"><span class='ocrx_word' id='word_1_288' title='bbox 164 3818 234 3871; x_wconf 71' lang='lat' dir='ltr'><strong>Car.</strong></span> <span class='ocrx_word' id='word_1_289' title='bbox 246 3831 335 3877; x_wconf 64' lang='lat' dir='ltr'><strong>xxm,</strong></span> <span class='ocrx_word' id='word_1_290' title='bbox 351 3823 365 3871; x_wconf 91' lang='lat'>1</span> <span class='ocrx_word' id='word_1_291' title='bbox 377 3821 439 3871; x_wconf 78' lang='lat' dir='ltr'><strong>Ver.</strong></span> <span class='ocrx_word' id='word_1_292' title='bbox 449 3821 561 3872; x_wconf 83' lang='lat' dir='ltr'><strong>Poteau.</strong></span> <span class='ocrx_word' id='word_1_293' title='bbox 573 3836 619 3884; x_wconf 81' lang='lat' dir='ltr'><strong>per</strong></span> <span class='ocrx_word' id='word_1_294' title='bbox 628 3829 724 3873; x_wconf 75' lang='lat' dir='ltr'><strong>eura—2</strong></span> <span class='ocrx_word' id='word_1_295' title='bbox 736 3824 800 3874; x_wconf 83' lang='lat' dir='ltr'><strong>Exc.</strong></span> <span class='ocrx_word' id='word_1_296' title='bbox 811 3823 954 3876; x_wconf 86' lang='lat' dir='ltr'><strong>Scironbov.</strong></span> <span class='ocrx_word' id='word_1_297' title='bbox 968 3816 1117 3872; x_wconf 65' lang='lat' dir='ltr'><strong>ediderat</strong></span> <span class='ocrx_word' id='word_1_298' title='bbox 1133 3831 1232 3870; x_wconf 77' lang='lat' dir='ltr'><strong>munera</strong></span> 
     </span>
    </p>
   </div>
   <div class='ocr_carea' id='block_1_9' title="bbox 629 3948 737 4000">
    <p class='ocr_par' dir='ltr' id='par_1_10' title="bbox 629 3948 737 4000">
     <span class='ocr_line' id='line_1_38' title="bbox 629 3948 737 4000; baseline -0.019 0"><span class='ocrx_word' id='word_1_299' title='bbox 629 3948 737 4000; x_wconf 81' lang='lat' dir='ltr'>NOTAE</span> 
     </span>
    </p>
   </div>
   <div class='ocr_carea' id='block_1_10' title="bbox 129 4034 1235 4288">
    <p class='ocr_par' dir='ltr' id='par_1_11' title="bbox 129 4034 1235 4288">
     <span class='ocr_line' id='line_1_39' title="bbox 162 4034 1235 4130; baseline -0.007 -11"><span class='ocrx_word' id='word_1_300' title='bbox 162 4076 176 4111; x_wconf 61' lang='grc' dir='ltr'>θ</span> <span class='ocrx_word' id='word_1_301' title='bbox 192 4067 379 4119; x_wconf 66' lang='lat' dir='ltr'><strong>amandorum</strong></span> <span class='ocrx_word' id='word_1_302' title='bbox 389 4065 490 4130; x_wconf 79' lang='lat' dir='ltr'><strong>iamiar]</strong></span> <span class='ocrx_word' id='word_1_303' title='bbox 505 4067 545 4116; x_wconf 86' lang='lat' dir='ltr'><strong>De</strong></span> <span class='ocrx_word' id='word_1_304' title='bbox 554 4066 593 4115; x_wconf 81' lang='lat' dir='ltr'><strong>bis</strong></span> <span class='ocrx_word' id='word_1_305' title='bbox 605 4080 664 4130; x_wconf 86' lang='lat' dir='ltr'><strong>pas·</strong></span> <span class='ocrx_word' id='word_1_306' title='bbox 703 4065 782 4120; x_wconf 81' lang='lat' dir='ltr'><strong>sulae,</strong></span> <span class='ocrx_word' id='word_1_307' title='bbox 793 4062 891 4114; x_wconf 86' lang='lat' dir='ltr'><strong>Reddit</strong></span> <span class='ocrx_word' id='word_1_308' title='bbox 907 4062 950 4114; x_wconf 91' lang='lat' dir='ltr'><strong>ubi</strong></span> <span class='ocrx_word' id='word_1_309' title='bbox 962 4062 1084 4114; x_wconf 87' lang='lat' dir='ltr'><strong>Cererem</strong></span> <span class='ocrx_word' id='word_1_310' title='bbox 1097 4061 1175 4112; x_wconf 81' lang='lat' dir='ltr'><strong>tellus</strong></span> <span class='ocrx_word' id='word_1_311' title='bbox 1190 4034 1235 4111; x_wconf 43' lang='lat' dir='ltr'><strong>in:</strong></span> 
     </span>
     <span class='ocr_line' id='line_1_40' title="bbox 129 4138 1231 4211; baseline -0.004 -12"><span class='ocrx_word' id='word_1_312' title='bbox 129 4144 262 4211; x_wconf 79' lang='lat' dir='ltr'><strong>rim-apud</strong></span> <span class='ocrx_word' id='word_1_313' title='bbox 274 4143 372 4208; x_wconf 68' lang='lat' dir='ltr'><strong>poetar.</strong></span> <span class='ocrx_word' id='word_1_314' title='bbox 400 4143 494 4193; x_wconf 78' lang='lat' dir='ltr'><strong>Horat.</strong></span> <span class='ocrx_word' id='word_1_315' title='bbox 505 4143 589 4206; x_wconf 89' lang='lat' dir='ltr'><strong>Epod.</strong></span> <span class='ocrx_word' id='word_1_316' title='bbox 602 4157 663 4194; x_wconf 84' lang='lat' dir='ltr'><strong>xvr.</strong></span> <span class='ocrx_word' id='word_1_317' title='bbox 703 4147 776 4193; x_wconf 84' lang='lat' dir='ltr'><strong>arata</strong></span> <span class='ocrx_word' id='word_1_318' title='bbox 792 4141 938 4208; x_wconf 81' lang='lat' dir='ltr'><strong>quotannis,</strong></span> <span class='ocrx_word' id='word_1_319' title='bbox 955 4142 989 4193; x_wconf 82' lang='lat' dir='ltr'><strong>Et</strong></span> <span class='ocrx_word' id='word_1_320' title='bbox 1008 4141 1135 4206; x_wconf 87' lang='lat' dir='ltr'><strong>imputata</strong></span> <span class='ocrx_word' id='word_1_321' title='bbox 1154 4138 1231 4195; x_wconf 80' lang='lat' dir='ltr'><strong>floret</strong></span> 
     </span>
     <span class='ocr_line' id='line_1_41' title="bbox 129 4217 950 4288; baseline -0.005 -13"><span class='ocrx_word' id='word_1_322' title='bbox 129 4217 238 4275; x_wconf 74' lang='lat' dir='ltr'><strong>‘Beata</strong></span> <span class='ocrx_word' id='word_1_323' title='bbox 253 4221 379 4274; x_wconf 78' lang='lat' dir='ltr'><strong>Petamus</strong></span> <span class='ocrx_word' id='word_1_324' title='bbox 391 4234 467 4285; x_wconf 80' lang='lat' dir='ltr'><strong>arra,</strong></span> <span class='ocrx_word' id='word_1_325' title='bbox 478 4219 572 4271; x_wconf 82' lang='lat' dir='ltr'><strong>diriter</strong></span> <span class='ocrx_word' id='word_1_326' title='bbox 585 4226 612 4271; x_wconf 87' lang='lat' dir='ltr'><strong>et</strong></span> <span class='ocrx_word' id='word_1_327' title='bbox 623 4219 662 4271; x_wconf 88' lang='lat' dir='ltr'><strong>in·</strong></span> <span class='ocrx_word' id='word_1_328' title='bbox 703 4235 785 4288; x_wconf 85' lang='lat' dir='ltr'><strong>usque</strong></span> <span class='ocrx_word' id='word_1_329' title='bbox 797 4217 889 4286; x_wconf 86' lang='lat' dir='ltr'><strong>vinea,&#39;</strong></span> <span class='ocrx_word' id='word_1_330' title='bbox 899 4220 950 4271; x_wconf 70' lang='lat' dir='ltr'><strong>&amp;a</strong></span> 
     </span>
    </p>
   </div>
   <div class='ocr_carea' id='block_1_11' title="bbox 0 0 1374 4726">
    <p class='ocr_par' dir='ltr' id='par_1_12' title="bbox 0 0 1374 4726">
     <span class='ocr_line' id='line_1_42' title="bbox 0 0 1374 4726; baseline 0 0"><span class='ocrx_word' id='word_1_331' title='bbox 0 0 1374 4726; x_wconf 95' lang='lat' dir='ltr'><strong> </strong></span> 
     </span>
    </p>
   </div>
  </div>
 </body>
</html>
