2730 4726
447 348 730 401 ntuecrrucus.
769 347 840 396 xu.
863 331 917 396 46.
1139 326 1228 395 1619

129 500 320 585 Speciebus
345 497 420 562 hmo
443 517 465 561 a
490 497 558 562 tuis
583 495 740 572 collibus,
762 492 883 572 Roma,
905 499 939 557 et
965 497 1105 576 septena
1131 501 1229 557 arceu
1256 485 1258 488 ⁴

128 596 295 681 ‘sublimis
311 602 433 666 celsior
445 600 567 683 gaudio
582 598 752 664 ferebaris.

172 706 263 771 Cur.
281 722 390 769 xuvr.
433 702 467 767 1.
489 702 554 781 Tu,
572 722 650 787 quae
675 708 814 784 experte
833 697 1006 777 Cinnamus
1021 697 1174 776 furores,⁸
1199 706 1232 765 cl

130 809 278 873 Marium
293 814 375 892 post
390 807 496 871 exilia·
508 806 684 880 crudelem,
706 812 740 866 ct
759 803 884 886 Syllam
901 808 961 866 tua
976 801 1071 866 clade
1086 803 1230 880 felicem,

130 921 166 979 et
189 912 361 976 Caesarem
390 910 425 973 iu
454 915 605 972 mortuos
632 905 889 983 misericordem,
919 904 963 969 ad
992 923 1089 970 omne
1118 907 1231 971 civilis

128 1021 245 1078 motus
260 1014 445 1078 classicum
461 1011 679 1076 tremiscebas
692 1029 701 1089 3
723 1009 756 1072 2.
771 1019 847 1091 quse
868 1013 990 1090 praeter
1009 1015 1154 1091 stragem
1169 1011 1233 1085 mi<

127 1118 240 1197 litum,
254 1122 395 1199 utraque
410 1116 472 1179 tibi
489 1120 583 1196 parte
597 1112 814 1196 pereuntium,
829 1111 979 1175 extincta
989 1110 1079 1174 domi
1094 1119 1232 1177 senatus

129 1221 181 1284 tui
196 1220 335 1294 lumina,
351 1216 474 1282 suffixa
489 1217 559 1300 pilo
576 1215 755 1280 consulum
771 1215 896 1297 capita,
911 1212 1083 1278 Catonesb
1097 1214 1130 1279 in
1146 1237 1233 1280 mor·

129 1330 199 1387 tem
215 1328 366 1398 coactos,
387 1326 590 1403 truncosque
604 1317 811 1395 Cicerones,e
832 1325 866 1383 et
883 1317 1068 1400 Pompeios
1092 1319 1234 1384 fleveras

131 1424 320 1507 insepultos
336 1422 375 1504 3‘i
406 1423 440 1488 3.
471 1422 528 1485 cui
557 1421 679 1485 damna
708 1420 861 1501 graviora
892 1421 1024 1484 scissus
1053 1422 1089 1485 in
1118 1429 1233 1507 partes

132 1527 257 1590 civium
272 1525 375 1605 furor,
395 1543 498 1609 quam
513 1524 621 1607 portis
637 1522 814 1586 imminens
830 1523 983 1601 Poenus·
1007 1529 1064 1589 aut
1078 1527 1234 1621 receptus

131 1629 238 1693 muris
253 1628 375 1692 Gallus
387 1623 398 1663 f
410 1626 590 1705 intulerat3
613 1625 667 1688 cui
684 1622 826 1688 Alliensi
842 1626 915 1689 diess
931 1624 1106 1693 Emathiah
1121 1627 1233 1692 funes-

132 1731 209 1809 tior,
230 1728 374 1795 (latuuisi
394 1729 528 1794 Collina
546 1723 700 1801 feralior,j
724 1734 794 1790 tam
816 1728 906 1792 altas
922 1729 1004 1792 olim
1028 1731 1235 1813 reliquerunt

132 1994 224 2056 pce-l
241 1991 368 2056 Speciebus
379 1992 428 2043 boec
439 2008 452 2042 c
463 1994 513 2043 tois
524 1993 600 2043 codd.
616 1993 729 2057 Guelplt.
739 1991 912 2043 Schwarzinn.
924 1994 984 2044 Vct.
995 1995 1106 2045 Puteau.
1134 1997 1236 2047 Romam

135 2057 272 2106 edonem.
300 2059 567 2121 Romulegitllcidal.
593 2058 775 2109 eiuiscollibus
787 2059 1014 2107 RomnMeurslus.

138 2153 142 2162 ·
169 2123 237 2173 Cae.
250 2135 332 2173 xuvr.
357 2129 369 2173 l
388 2125 458 2175 Solle
475 2131 495 2175 t.
511 2141 532 2175 c.
550 2125 652 2174 Felicem
667 2125 757 2176 scribit
771 2121 916 2175 §cheli-4
933 2124 1046 2205 Guelplt.
1058 2125 1160 2175 militm
1171 2141 1238 2191 poce,

634 2267 742 2320 NOTAE

168 2376 180 2401 ⁰
198 2367 302 2430 Septene
317 2365 383 2430 crce]
405 2368 530 2431 Virgilius
552 2367 611 2418 lEn.
628 2382 668 2417 vr.
685 2391 688 2399 ·
708 2366 893 2417 senonensium
904 2367 1037 2418 Gallorum
1055 2368 1081 2418 in
1096 2369 1188 2419 urbem
1204 2369 1237 2420 ir·

135 2448 194 2496 ⁷88.
212 2445 246 2493 de
261 2445 325 2495 urbe
341 2446 471 2495 Romana:
489 2447 668 2509 ‘Septemque
707 2448 865 2508 ruptionem,
880 2460 938 2495 cum
949 2445 1049 2509 direpta
1061 2446 1138 2496 Italis
1151 2448 1177 2497 in
1190 2448 1239 2497 Cn-

137 2540 189 2574 uns
197 2523 246 2573 sibi
258 2538 331 2573 muro
343 2524 516 2574 circumdabit
528 2525 621 2575 arces!
709 2523 828 2585 pitolium
840 2523 1024 2580 ascendissent,
1036 2525 1061 2572 ni
1074 2525 1110 2573 M.
1123 2524 1237 2575 Manlius

169 2608 181 2635 ⁸
199 2602 320 2650 cinnanos
327 2600 436 2666 sorores]
453 2604 493 2652 De
512 2603 595 2653 Cinna
618 2603 667 2652 Ps-
709 2599 870 2663 Capitolinus
887 2602 1008 2664 clangore
1025 2601 1121 2650 anseris
1137 2601 1239 2652 excitus

135 2690 198 2741 neg.
219 2691 261 2726 11.
277 2681 320 2726 20.
354 2678 395 2727 De
411 2678 495 2727 Mario
512 2679 611 2744 Psneg.
629 2693 669 2728 rr.
709 2689 753 2726 eos
766 2675 912 2739 repulisset.

139 2758 180 2806 1³.
214 2755 257 2804 De
268 2754 341 2818 Sylla
353 2756 454 2818 Paneg.
466 2770 508 2805 tx.
519 2761 560 2809 2⁰.
740 2760 753 2797 ί
769 2751 872 2802 Alliensi
881 2752 931 2815 die]
950 2754 1015 2803 Cum
1027 2753 1136 2803 Romani
1148 2770 1163 2804 a
1175 2754 1241 2806 Gal·

170 2829 183 2864 ὓ
201 2831 314 2895 Catones]
332 2832 457 2881 Catonem
470 2832 554 2881 innuit
569 2832 667 2882 dictum
709 2829 741 2877 lis
754 2827 813 2892 lusi,
831 2828 964 2894 fugatique
982 2831 1013 2896 ad
1032 2831 1136 2880 Alliam.
1169 2832 1240 2882 Allia

137 2907 301 2964 Uticensem,
310 2907 377 2972 quod
391 2909 517 2972 Pompeio
530 2911 600 2958 victo
612 2910 669 2959 Uti·
709 2914 795 2954 antem
808 2905 900 2955 fluvius
913 2916 954 2955 est
966 2897 1158 2957 s'Crustuminis
1168 2924 1240 2958 mou.

137 2999 179 3035 cae
191 2984 240 3034 sibi
251 3000 340 3033 mrum
353 2985 479 3034 violentas
496 2988 624 3050 attulerit,
636 3002 669 3036 ne
711 2982 778 3030 tibus
791 2983 987 3046 quadragesimo
999 2984 1031 3032 ab
1042 2984 1106 3034 urbe
1115 2986 1201 3047 lapide
1214 2989 1242 3035 in

137 3062 244 3111 victoris
265 3061 373 3111 casaris
392 3064 490 3112 vultum
512 3065 607 3114 intueri
625 3081 669 3113 ne.
711 3057 872 3106 Orientalem
881 3058 981 3108 Tiberis
993 3070 1093 3124 partem
1104 3061 1230 3112 defluens.

137 3152 212 3188 cesse
238 3138 357 3188 haberet.
400 3139 483 3189 Plura
507 3140 565 3189 vide
593 3157 671 3205 snpra
743 3132 898 3198 ‘'Emoilrm]
917 3137 1051 3186 celebrem
1072 3153 1184 3203 pugnam
1201 3142 1241 3191 in·

138 3214 242 3276 Paneg.
255 3229 287 3264 11.
300 3218 340 3264 lt.
712 3211 805 3274 telligit
817 3213 970 3275 Pompeium
983 3215 1051 3263 inter
1068 3225 1095 3265 et
1112 3218 1241 3268 Caesarem

173 3297 184 3324 ⁰
203 3293 307 3341 Truncos
329 3292 467 3356 Cicerones]
489 3294 623 3356 Augustus
642 3301 670 3344 et
710 3288 736 3335 in
749 3288 844 3350 campis
862 3289 987 3338 Emathiis
1004 3293 1174 3341 commissam.
1206 3295 1242 3344 E-

139 3366 270 3416 Antonius
288 3369 443 3430 gravissimis
464 3369 528 3418 odiis
552 3371 620 3419 inter
642 3385 670 3419 se
711 3363 805 3411 mathia
816 3372 902 3413 tutem
915 3368 1020 3428 proprie
1032 3369 1103 3432 regio
1112 3379 1150 3419 est
1161 3371 1241 3419 Tbrs·

139 3453 287 3506 pugnantes
317 3453 396 3508 pacta
429 3447 560 3496 Ciceronis
586 3456 669 3497 morte
710 3440 758 3488 (τίω
769 3438 1063 3503 finitima‚quodttomen
1075 3447 1183 3510 primum
1194 3448 1242 3495 ali·

140 3520 274 3570 conciliati
286 3527 353 3569 sunt.
712 3519 752 3567 cui
767 3519 793 3565 M
798 3518 931 3568 acedoniae
939 3523 1048 3586 regioni,
1058 3533 1111 3574 tum
1123 3527 1171 3575 toti
1183 3527 1241 3575 Ma·

174 3595 186 3630 ⁴
204 3596 328 3658 Pompeios
340 3597 479 3663 insepultos]
496 3602 634 3664 Pompeius
645 3617 671 3649 e·
711 3597 836 3660 cedoniae,
853 3605 933 3661 atque
944 3601 1023 3650 etism
1040 3603 1089 3666 ipsi
1100 3604 1240 3654 Thessaliae

139 3671 193 3727 nim
214 3673 370 3723 satellitibus
392 3691 407 3723 a
426 3676 571 3727 Ptolemaeo
589 3680 672 3727 missis
710 3672 822 3736 θροὲῐίε
834 3675 988 3726 attributum
997 3684 1046 3727 esi.

140 3751 309 3814 peremtusiu
322 3751 411 3800 Nilum
423 3751 529 3801 fluvium
541 3756 672 3819 projectus
744 3750 752 3783 ¹
769 3749 870 3813 Conon]
886 3754 1047 3803 Cannensem
1061 3770 1172 3819 pugnam
1184 3763 1241 3806 tan·

140 3832 191 3876 m.
712 3828 760 3891 git,
773 3827 816 3875 ubi
827 3827 860 3876 ab
874 3829 1022 3880 Hannibale
1034 3847 1102 3882 caesa
1114 3835 1241 3884 Romano·

174 3902 287 3953 ePortis
298 3904 421 3954 imminens
438 3906 538 3969 Poem]
556 3907 604 3956 cni
621 3922 672 3957 non
713 3919 766 3952 rum
780 3904 950 3969 quadraginta
964 3909 1053 3958 millia.
1088 3911 1185 3959 Canna
1197 3926 1242 3960 au·

140 3984 231 4029 notum
255 3979 318 4028 illud
339 3981 492 4032 ‘Hannibal
512 3984 545 4032 ad
565 3984 672 4047 portas!
713 3989 765 4030 tem
778 3983 849 4032 ricus
861 3990 903 4035 est
913 3983 939 4032 iu
953 3982 1059 4048 Apulia,
1075 3986 1108 4036 ad
1119 3986 1241 4038 Aufidum

141 4055 275 4106 Quantum
287 4057 344 4106 urbi
357 4057 482 4110 Romanae
495 4070 621 4112 terrorem
634 4063 672 4110 iu·
712 4055 826 4108 fluvium.

135 4130 244 4195 jecerit,
256 4146 335 4197 supra
346 4133 445 4184 dictum
456 4143 507 4200 est,
519 4138 618 4201 Paneg.
629 4151 673 4187 ur.
743 4133 864 4185 lCollinu
886 4136 1000 4202 feralior]
1028 4140 1129 4190 Collina
1157 4151 1242 4206 portu,

143 4208 185 4256 10.
713 4226 771 4277 qne
783 4211 834 4264 fuit
845 4215 871 4265 iu
884 4216 951 4267 colle
963 4216 1159 4282 Quinctilium,
1172 4221 1241 4271 unde

177 4281 321 4349 fRereptas
347 4287 422 4336 moris
452 4288 549 4353 Gallus]
576 4292 673 4358 Tangit
779 4329 782 4332 >
1120 4323 1121 4326 ¹
