2692 4718
120 277 208 344 1464
440 287 601 339 sunium
628 286 903 338 rnuncrnrcua

119 440 209 505 vina.
254 437 285 500 4.
309 434 438 500 Aderat
460 436 550 499 enim
570 434 730 498 robustus
752 437 787 498 et
803 432 938 511 florens,
954 433 1080 517 plenus
1102 434 1220 514 virium,

119 540 223 607 animi
242 541 364 623 plenus
379 539 559 615 exercitus,
576 539 677 603 laetus
692 538 807 616 armis,
824 545 859 602 et
872 536 1005 602 militiae
1020 538 1137 603 munia
1151 558 1220 604 axe·

121 661 229 728 quens
244 642 356 706 studio
368 641 476 723 magis
491 660 594 724 quam
608 640 823 716 necessitate,
834 639 980 723 (quippe
996 640 1056 704 cui
1067 641 1220 723 stipendia

122 751 202 811 nunt
225 744 399 828 pauciora,
422 763 520 827 quam
544 742 701 824 praelia3⁶
723 761 798 806 cum
820 740 899 805 dico
921 742 1058 833 praelia,
1079 742 1220 826 significo

122 847 314 931 victorina)
323 854 485 931 praeterea
497 850 564 909 tam
580 863 696 909 amans
711 844 770 922 tui,
782 864 880 929 quam
896 845 960 909 tibi
976 864 1092 909 carus.
1130 847 1161 908 5.
1176 844 1221 926 lg·

122 970 230 1017 nosce
252 953 350 1026 enim,
365 950 510 1031 superba
525 948 643 1021 virtus,
658 949 871 1030 quantumvis
886 947 1023 1014 fiduciae
1037 955 1072 1013 et
1091 946 1221 1032 spiritus

124 1055 253 1138 capiaS,
270 1072 363 1117 amor
378 1051 549 1135 Principis
564 1048 646 1115 iacit
662 1051 801 1114 militem
816 1049 1009 1116 fortiorem!

167 1156 260 1221 Cae.
276 1170 348 1218 xii.
375 1156 409 1218 1.
426 1152 577 1237 Antiqua
591 1152 773 1217 admodum
787 1173 841 1218 res
853 1159 916 1230 est,
929 1172 1033 1237 quam
1050 1154 1221 1238 proteron,

123 1260 183 1325 sed
203 1279 269 1323 uon
289 1257 426 1340 indigna
443 1264 636 1321 memoratu.
681 1256 786 1340 Illyrii
801 1255 981 1341 quondam,
996 1256 1221 1341 despicientes

122 1359 255 1444 Airopi
270 1362 376 1442 regis⁶
390 1360 573 1438 infantiam,
590 1359 799 1424 Macedones
814 1359 900 1424 bello
914 1359 1142 1425 lacesserunt.
1184 1359 1222 1426 Et

123 1466 232 1549 prima
254 1463 388 1547 quidem
412 1463 604 1544 congressio
625 1463 807 1527 secundum
823 1461 902 1526 illos
916 1461 997 1527 fuit:
1020 1481 1142 1528 verum
1157 1463 1222 1529 Ma·

123 1568 281 1644 cedoneS,
297 1585 374 1630 cum
398 1566 525 1629 bellum
545 1565 741 1639 reficerent,'
761 1584 871 1647 regem
891 1584 989 1630 suum
1008 1564 1055 1633 in.
1069 1567 1167 1630 cunis
1186 1564 1222 1630 ad

121 1669 227 1734 aciem
254 1669 450 1733 detulerunt.
503 1667 535 1731 2.
559 1667 644 1732 Cum
668 1667 747 1732 ilios
772 1667 834 1743 ira,
858 1666 922 1731 hos
943 1667 1132 1743 miseratio,
1154 1669 1222 1734 illos

124 1771 291 1855 signorum
314 1777 445 1849 cantus,
460 1770 523 1835 hos
546 1772 638 1854 pueri
660 1771 790 1852 vagitus
809 1767 1020 1844 accenderet,
1034 1756 1168 1836 mutata
1179 1776 1227 1835 eat

122 1875 211 1938 ratio
242 1874 435 1940 certaminis
448 1874 482 1954 ;f
514 1875 674 1950 vicerunt,
703 1872 761 1957 qui
791 1891 905 1936 amore
934 1873 1144 1956 pugnabant.
1194 1872 1221 1937 3.

122 1975 257 2064 Quanto
277 1979 376 2059 igitur
396 1986 448 2042 est
470 1996 564 2041 amor
585 1976 713 2040 fidelior
731 1976 866 2058 accepti
885 1975 1037 2040 beneficii
1058 1977 1221 2050 memoria,

122 2101 226 2167 quam
250 2082 488 2164 praesumtione
511 2079 638 2156 faturia
661 2078 753 2162 quod
776 2078 846 2142 illic
867 2086 1030 2162 percepta
1050 2099 1106 2144 res
1120 2080 1221 2165 juvat,

123 2185 178 2248 hio
203 2192 386 2265 expectata
413 2183 602 2263 blanditur3
632 2188 725 2246 tauto
756 2182 806 2245 tui
835 2181 1021 2245 animosius
1047 2180 1220 2246 dimicave·

125 2292 210 2360 runt,
228 2288 285 2369 qui
305 2306 371 2350 non
392 2305 498 2368 puero
516 2304 610 2368 spem
632 2284 745 2365 gratiae
763 2283 1034 2360 munerabantur,
1051 2283 1113 2347 sad
1134 2283 1220 2348 Priu-

157 2469 171 2504 ὅ
190 2472 250 2519 Cam
260 2470 339 2531 piures
349 2484 439 2530 pugnat
451 2470 543 2530 inierit,
554 2484 625 2532 quum
636 2469 723 2518 meruit
733 2469 863 2532 stipendia.

157 2544 167 2568 a
184 2537 300 2585 Felicitan
309 2536 359 2583 iiiii
367 2535 447 2590 ceruit,
458 2537 499 2584 sed
508 2534 678 2584 Macedonibus
689 2536 831 2598 adpugnare
840 2532 1001 2585 redeuntibus.
1049 2572 1058 2591 .

155 2598 171 2642 s
183 2603 295 2650 Mutatus
305 2606 342 2649 eut
350 2601 404 2648 belii
415 2606 521 2650 euentus.

157 2674 170 2709 t
187 2667 285 2731 decepti
296 2665 403 2731 beneficii
415 2665 546 2716 recordatio
554 2665 633 2726 mugit
640 2665 843 2730 umoremjirmut,
853 2679 921 2729 quom
931 2664 1083 2727 mensurari.

128 2927 235 2975 Putaui.
254 2927 369 2978 Rhenau.
383 2927 470 2975 Rivin.
486 2927 579 2989 steph.
592 2928 676 2976 Livio.
695 2925 801 2989 Cuspio.
818 2926 852 2973 al.
871 2931 932 2973 aute
950 2924 1027 2974 Grut.
1048 2923 1093 2988 qui
1111 2930 1223 2974 tenum

130 2993 234 3040 Bertin.
255 2995 364 3051 recepit,
392 2995 615 3042 consentientibus
643 2996 744 3042 cetaria.
769 2992 816 3040 etsi
841 2991 949 3039 obcaecat
974 2990 1036 3038 edd.
1060 3005 1151 3039 ouinec
1171 2997 1224 3037 aute

130 3055 255 3104 Arntzeu.
271 3059 366 3106 etiamsi
381 3058 419 3105 ud.
437 3059 500 3107 Vet.
519 3060 630 3107 Putean.
649 3059 712 3106 Vct.
731 3058 812 3106 Livio.
823 3055 1085 3119 Moeri.Guetph.—d
1103 3056 1186 3104 Licin.
1202 3060 1225 3100 et

131 3120 163 3168 Ρ.
175 3122 266 3182 steph.
282 3124 376 3171 militine
393 3138 496 3172 munera.
530 3121 1000 3187 Codd.etedd.retiqnae.rin-maria·
1032 3121 1109 3181 Mox,
1126 3121 1174 3169 tait
1187 3118 1226 3167 ἀί·

129 3187 215 3245 pendia
227 3186 335 3247 Cuspio.
355 3189 469 3236 Rhenan.
488 3190 578 3250 Steoh.
599 3190 684 3238 Rivin.
705 3189 787 3236 Lirin.
806 3186 910 3235 Putant.
930 3186 963 3234 ai.
983 3193 1048 3233 vett.
1064 3183 1224 3249 caietipeadio

129 3248 243 3361 tquesph.
255 3252 313 3302 Vet.
326 3252 408 3301 Liviu-
420 3256 520 3304 Bertio.
531 3256 609 3305 Grut.
621 3263 648 3304 et
659 3254 718 3303 edd.
730 3255 889 3302 accentu-5
907 3250 1021 3315 Gueiph.
1034 3251 1169 3315 principem
1175 3249 1224 3309 far·

142 3329 224 3363 iorem.

165 3379 290 3430 Cunxx.
317 3386 330 3428 1
349 3383 443 3446 Illyrici
460 3387 576 3448 quondum
588 3385 695 3445 Circeia.
706 3383 824 3432 Rhenan.
841 3381 932 3441 Steph.
949 3380 1033 3429 Licin.
1050 3379 1130 3428 Grut.
1148 3376 1225 3429 Parit.

130 3444 247 3494 Patami.
273 3446 355 3508 Illyrii
364 3452 479 3508 quondum
491 3451 552 3498 Vei.
563 3452 671 3498 Putcau.
683 3450 743 3498 Vet.
755 3450 838 3498 Lirin.
853 3447 922 3497 Gud.
936 3447 1022 3493 Meri.
1034 3445 1122 3495 Banu.
1134 3446 1225 3494 Celtrr.

130 3508 227 3571 Joegcr.
243 3511 393 3559 lacessierunt
401 3515 467 3576 conj.
479 3514 570 3563 Arntz.
582 3517 636 3562 sine
652 3528 745 3574 caiisa3
763 3528 821 3562 uam
832 3511 992 3561 ‘lacessisti’
1008 3512 1107 3573 iegitur
1118 3526 1163 3573 ap.
1177 3508 1225 3560 cia.

130 3575 198 3623 Puri.
209 3591 240 3625 ιι.
254 3581 276 3624 1.
295 3584 423 3636 praterea
438 3581 579 3627 lacesserunt
598 3580 721 3629 exhibent
739 3593 828 3627 omues
841 3578 917 3626 codd.
936 3582 963 3625 et
978 3575 1039 3623 edd.
1057 3578 1114 3624 sine
1127 3576 1177 3623 uila
1188 3588 1225 3621 rr·

130 3642 282 3691 uiciate—3
300 3641 415 3689 erenan.
427 3643 516 3704 Steph.
530 3645 612 3693 Livio.
625 3647 730 3694 Puteoi.
743 3645 828 3693 Riviu.
842 3645 876 3693 ai.
888 3649 953 3691 vett.
967 3647 1087 3703 proeceptu
1098 3657 1137 3690 res
1145 3657 1154 3698 ,·
1171 3641 1225 3687 Vct.

129 3707 242 3757 Patren.
255 3709 318 3757 Vei.
339 3708 419 3755 Liviu.
439 3709 637 3760 Bertin.Moer1.
658 3711 771 3771 Gnelpir.
788 3711 867 3760 Grut.
885 3715 913 3758 et
931 3714 1041 3756 recenti.
1060 3710 1144 3756 etsie
1163 3705 1225 3768 conj.

129 3770 232 3823 Actaei.
248 3789 312 3837 spem
321 3788 348 3834 g.
360 3774 513 3824 numerabant
525 3776 638 3841 Gualph.
650 3784 679 3825 et
690 3777 777 3824 Moeri.

625 3932 735 3983 NOTAE

128 4041 171 4090 rit.
205 4044 291 4103 Supra
302 4058 360 4105 cap.
372 4057 418 4093 xv.
435 4045 443 4073 ‘
457 4043 497 4093 Ne
515 4047 584 4107 anund
601 4062 659 4110 pos.
698 4043 793 4097 Juitini
805 4041 850 4092 lib.
860 4038 1083 4092 arcamariani
1094 4038 1227 4089 tib-xxvi.

129 4123 198 4165 tetus
209 4120 326 4166 miraculi
338 4117 404 4168 fides
417 4121 594 4171 claudicaret!
700 4137 730 4171 ac
742 4120 861 4184 Polybio.

161 4191 279 4256 ‘Airopi
300 4197 377 4260 regis]
403 4198 476 4249 Nota
496 4199 604 4248 historia
626 4214 659 4248 ax
