2730 4726
126 305 213 373 nte
568 317 790 367 uruusrrur

127 467 159 532 si
173 485 246 542 vos,
261 463 432 548 stipatos¹²
450 467 560 528 vestm
575 469 703 535 senatu
716 461 823 527 inille
837 458 1020 545 capitolini
1034 461 1057 527 J
1059 463 1136 527 ovis
1145 468 1225 528 'arce

127 567 354 652 conspiceret!
378 585 455 650 quee
477 585 565 632 nuuc
586 566 660 630 sine
680 564 783 630 dubio
803 565 1016 649 praesentium
1035 571 1137 630 vestri
1159 567 1225 632 sibi

126 671 231 754 lingit,
246 669 338 736 aedes
361 677 546 734 vestrorum
561 670 733 733 numinum
756 667 1009 751 frequentando,
1025 676 1057 733 et
1072 669 1227 750 ibidem,¹²

128 774 217 839 sicut
238 793 260 838 e
279 772 676 858 majoribus-institutum
695 775 758 850 est,
773 771 961 835 invocando
983 772 1150 837 Statorem
1165 774 1225 839 Jo-

128 896 216 955 vem,
231 876 481 958 Herculemque
494 874 680 940 Victorem·
721 875 754 940 5.
777 873 857 938 Hoc
876 874 966 939 euim
986 875 1157 958 quondam
1176 877 1227 942 illi

127 977 204 1043 Deo
220 996 401 1060 cognomen
416 977 577 1061 ascripsit
590 977 645 1054 is,⁰
658 976 729 1060 qni,
743 995 819 1041 cum
834 976 961 1060 piratas
973 978 1126 1042 onereris
1141 998 1227 1044 neve

126 1081 279 1159 vicisset,
298 1081 342 1144 eb
363 1081 443 1164 ipso
465 1080 594 1145 audivit
616 1078 764 1144 Hercule
785 1097 846 1163 per
868 1079 1023 1161 quietem,
1045 1080 1141 1145 illius
1162 1101 1227 1166 ope

129 1183 302 1248 victoriam
317 1182 516 1265 contigisse:
540 1181 638 1259 adeo,
653 1180 881 1246 secretissime
898 1181 1096 1265 Imperator,
1111 1185 1227 1248 multis

121 1284 195 1368 jem
210 1286 347 1351 saeculis
363 1287 447 1350 inter
462 1283 574 1350 officie
587 1291 641 1349 est
656 1283 802 1348 numinis
820 1284 881 1356 tui,
896 1303 1054 1368 superare
1066 1287 1208 1368 piratas.

172 1387 262 1453 Cer.
287 1405 370 1452 xrv.
392 1388 425 1453 1.
448 1387 517 1452 Sed
540 1386 692 1471 proiecto
712 1394 841 1452 mature
863 1387 922 1451 ille
944 1387 1118 1452 illucescet
1143 1389 1227 1468 dies,

128 1510 204 1555 curn
226 1511 287 1555 vos
309 1489 423 1555 videat
445 1489 557 1554 fflme
578 1490 735 1567 victores,
756 1498 792 1554 et
814 1490 955 1554 alacrem
978 1491 1040 1554 sub
1063 1489 1233 1556 dexteras

127 1592 279 1657 filium21'
306 1611 419 1676 quern,
443 1590 487 1656 ad
516 1591 775 1655 honestissimas
803 1600 892 1656 artes
920 1592 1077 1657 omuibus
1106 1593 1231 1674 ingenii

127 1694 227 1759 bouis
246 1700 370 1773 uatum,
384 1692 464 1759 felix
484 1694 614 1776 aliquis·
619 1699 806 1778 praeceptor
820 1702 989 1779 expectet,
1004 1696 1059 1760 cui
1073 1697 1170 1763 nullo
1182 1699 1229 1763 lu·

156 1845 173 1890 l
191 1847 284 1898 Vestra
295 1848 401 1898 dextera
413 1847 581 1897 adimentem.

588 1957 767 1986 oopneemoo

129 2048 219 2092 nostro
237 2043 296 2094 cod.
315 2044 393 2094 etism
412 2044 437 2094 irr
458 2044 509 2094 elio
529 2044 628 2108 codice,
644 2045 719 2109 cujus
735 2043 862 2095 variantes
882 2044 972 2093 relate
992 2052 1054 2093 suut
1071 2044 1097 2093 iu
1114 2043 1231 2097 (toute

130 2108 252 2158 ectum.
285 2109 389 2160 Omissa
401 2119 461 2159 strut
473 2111 550 2160 etiem
564 2112 589 2159 io
601 2113 666 2160 Exc.
678 2112 752 2161 Voss.
776 2109 843 2160 Edd.
853 2116 914 2159 oute
927 2110 1021 2159 Celler.
1032 2109 1139 2171 hebent,
1149 2112 1173 2160 ei
1183 2127 1232 2170 uos,

129 2174 229 2236 stipato,
240 2176 281 2237 tc.
315 2176 376 2224 Ver.
387 2177 449 2225 Pur.
461 2185 488 2225 et
501 2177 586 2226 Livio.
596 2176 673 2225 codd.
687 2175 816 2226 Schuetz.
828 2175 903 2225 umbo
914 2174 984 2224 (lod.
1003 2181 1031 2223 et
1047 2174 1108 2225 edd.
1120 2184 1234 2227 recentt.

129 2241 153 2287 si
162 2253 211 2299 ror,
222 2239 331 2301 stipatos,
341 2243 382 2304 dfe.
405 2241 467 2291 Vet.
480 2241 541 2291 Pur.
555 2243 616 2290 Ver.
629 2242 712 2290 Lirin.
723 2251 751 2291 et
761 2240 830 2290 (lud.
840 2244 865 2290 2.
876 2239 1232 2307 praesentissimum

129 2304 229 2367 placuit
239 2304 395 2354 Sclrwurzio.
427 2306 543 2355 Alteram
556 2307 694 2357 lectionem
706 2315 812 2355 servent
823 2319 910 2357 omues
922 2306 965 2354 elii
977 2305 1054 2354 codd.
1062 2313 1090 2355 et
1101 2306 1232 2368 impressi.

129 2368 192 2417 Ver.
204 2368 306 2417 Bertiu.
316 2368 376 2419 edd.
389 2376 452 2419 vett.
480 2371 562 2421 Puris.
574 2376 647 2422 lore.
671 2371 755 2421 Brun.
765 2371 800 2419 ul.
811 2375 835 2420 et
846 2371 973 2422 identidem
980 2386 990 2428 ,⁸
1007 2370 1090 2421 Codd.
1100 2372 1231 2427 Sensus

131 2439 159 2482 et
170 2432 237 2481 ulter
249 2432 319 2482 llud.
337 2435 399 2484 item
411 2435 472 2486 Vct.
485 2437 596 2486 Porsen.
613 2446 641 2486 et
657 2436 719 2486 edd.
736 2444 849 2486 recenti.
865 2444 889 2485 et
904 2434 999 2486 itidem·
1032 2435 1160 2488 eraedsur
1172 2437 1233 2487 edd.

132 2506 194 2547 eote
206 2497 312 2548 Gruter.
321 2499 497 2564 frequentando
506 2503 647 2562 identidem,
657 2503 749 2551 emisse
760 2501 999 2564 conjunctione-5
1016 2502 1084 2550 Edd.
1096 2511 1164 2552 vett.
1179 2517 1234 2565 cog·

129 2578 214 2612 mmeu
231 2565 512 2630 adscripsistimrsiue.
545 2567 657 2617 Puteeu.
674 2567 737 2630 legit
755 2582 837 2616 sorum
855 2565 981 2627 adscripsit
993 2565 1139 2631 is‚qei,lrc.
1169 2567 1235 2617 Ber·

131 2628 180 2679 tin.
202 2628 284 2678 hebet
300 2631 446 2693 ascripsisti
463 2634 521 2695 qui,·
545 2632 614 2682 uude
634 2632 718 2683 Lirin.
736 2633 863 2694 Bougurs.
878 2639 906 2680 et
927 2631 1004 2680 Grut.
1020 2632 1090 2696 conj.
1107 2647 1234 2694 cognom

132 2693 245 2756 emriprit
254 2697 284 2751 is,
294 2697 345 2759 qui,
354 2698 393 2760 ec.
410 2697 479 2761 quod
491 2705 646 2762 receperunt
658 2698 754 2748 Cellsr.
766 2706 794 2748 et
805 2697 975 2748 recentiores.
1009 2699 1074 2746 Exc.
1086 2697 1164 2748 Voss.
1181 2698 1235 2748 Hes

129 2759 350 2824 mimiliiquodum
360 2763 475 2825 Dente.
788 2799 792 2809 ,

165 2825 233 2876 Cle.
246 2839 308 2876 xiv.
343 2831 356 2877 1
374 2828 477 2878 Bertiu.
494 2826 626 2891 illucescet,
640 2826 805 2893 improbante
816 2826 991 2878 Liuineio-2
1007 2827 1103 2892 Vulgg.
1113 2827 1236 2887 seelude·

629 2958 738 3010 NO'I'AE

133 3064 198 3118 tuor,
217 3055 262 3106 sed
277 3062 305 3105 et
320 3056 455 3105 civitatum
472 3056 537 3106 diem
549 3058 663 3108 natalem
702 3057 791 3108 centia
808 3057 913 3116 tibicen.
928 3071 960 3108 ec
971 3063 1108 3122 postquem
1121 3058 1172 3108 esti
1183 3072 1235 3110 sue

133 3133 259 3185 celebrari
277 3133 381 3184 solitum
397 3133 471 3183 initio
485 3134 559 3198 hujus
569 3135 663 3184 oratio·
704 3133 811 3192 diffisos,
832 3134 986 3183 instituisset
1008 3141 1191 3200 mercaturam,
1208 3143 1236 3188 et
1259 3146 1262 3152 “

133 3209 173 3259 uir
187 3207 308 3259 diximus.
703 3211 773 3262 bene
789 3225 817 3260 re
833 3219 907 3275 geste
919 3210 1044 3260 decimam
1057 3210 1168 3263 Herculi
1179 3227 1237 3277 pro·

166 3292 185 3318 ¹²
202 3285 233 3335 Si
243 3299 292 3349 vos,
304 3285 404 3348 stipatos
414 3283 527 3348 [stipato]
538 3286 609 3351 Lege
619 3286 664 3336 eti·
703 3282 819 3338 sonasset
830 3303 838 3348 ;
850 3286 960 3336 subinde
969 3286 1102 3350 navigans,
1110 3296 1138 3336 et
1146 3302 1162 3336 u
1170 3303 1237 3353 prrs-

131 3367 211 3427 meos,
229 3362 490 3424 utpostPuteunum
501 3363 663 3427 juxtevete·
704 3363 813 3413 donibus
842 3364 1043 3424 circumventus,
1069 3378 1127 3413 cum
1153 3366 1238 3416 reeb

135 3438 664 3490 remeodicememeodstLiviueius.Hinc
705 3454 794 3490 eorum
815 3440 932 3489 menibus
947 3440 1114 3502 expediisset,
1134 3444 1238 3508 accepit

136 3527 222 3569 eutem
246 3517 305 3566 vide
327 3525 465 3582 utrumque
481 3519 663 3584 impereturem
704 3519 732 3567 in
742 3517 837 3566 somnis
847 3517 879 3565 eb
891 3517 1005 3567 Hercule
1014 3517 1071 3581 ejus
1082 3533 1131 3580 epe
1140 3534 1168 3569 se
1179 3535 1238 3571 esse

136 3593 380 3648 Romemslrluiree.
705 3600 842 3645 servotum.
873 3593 907 3643 Iu
918 3593 992 3657 quus
1004 3592 1124 3644 beneficii
1142 3609 1239 3646 memo·

168 3683 181 3708 ¹¹
198 3673 233 3723 Et
253 3671 340 3721 ibidem
362 3670 516 3736 [identidem]
531 3672 620 3733 Forte,
640 3677 665 3724 et
706 3673 771 3721 riam
790 3669 926 3727 Octavius,
946 3669 1085 3733 imperrsto
1107 3687 1123 3720 e
1144 3675 1240 3738 megis-

135 3752 232 3812 itidem,
244 3755 274 3799 ut
285 3755 327 3799 est
341 3748 373 3798 ed
385 3763 456 3805 oraru
468 3749 589 3800 editionis
603 3752 668 3801 Fro·
707 3749 818 3800 tratibur
837 3749 904 3809 luco,
922 3746 1004 3801 erlem
1017 3747 1126 3797 Herculi
1136 3750 1240 3802 Victori

136 3828 265 3880 luertione·
706 3824 847 3886 inscripsit.
863 3823 1096 3873 Maerensetorn.
1108 3839 1151 3875 ιιι.
1162 3830 1189 3877 θ.
1227 3850 1230 3857 ·

169 3913 181 3937 ⁰
197 3901 356 3966 Ascripsitie
377 3903 563 3967 [adscripsisti]
581 3902 668 3954 Resti-
738 3901 864 3964 reusam]
872 3899 1046 3956 Maxentium,
1056 3915 1132 3965 quem
1141 3903 1186 3953 elli
1195 3919 1240 3954 rc·

137 3980 243 4030 tuende
254 3987 314 4028 suut
326 3992 402 4027 voces
414 3978 481 4036 drrae,
498 3995 556 4043 quie
568 3980 668 4031 libreri-
708 3992 763 4028 rum
775 3976 925 4026 Maximiani
935 3974 1024 4038 lilium,
1035 3977 1078 4026 elii
1091 3978 1240 4040 prlviguum

139 4070 211 4106 orum
219 4056 318 4105 incuria
329 4055 354 4104 iu
367 4068 443 4104 uuam
454 4055 619 4108 coeluersut:
631 4058 668 4105 le·
708 4055 850 4120 appellent,
865 4053 909 4102 alii
921 4054 1083 4116 suppositum
1099 4054 1133 4104 ab
1143 4056 1241 4106 Eutro-

60 4117 68 4128 ’
140 4132 302 4198 gentiumque
323 4130 434 4197 moripsit
455 4132 485 4196 is,
513 4146 608 4203 nempe
628 4134 668 4186 Μ.
709 4129 1241 4198 pisMaximisuiuxore,quomuritlsni·

138 4209 669 4276 Octaviosllereuuius‚inprimeedoles·
708 4221 778 4260 mum
791 4212 904 4257 teneret.
