2730 4726
423 323 691 374 oonsrsnrmo
717 324 805 375 aue.
842 322 881 374 x.
897 309 951 375 12.
993 321 998 328 “
1150 309 1239 383 lieu

130 468 245 553 decipi
259 487 374 553 posse.
419 469 488 536 Sed
507 490 573 535 nou
588 469 696 538 virtus
722 475 780 535 lua
804 469 845 534 de
870 467 1117 551 congressione,
1133 489 1237 553 quarn
1337 528 1340 534 .

128 570 307 656 prudentia
321 577 372 636 est
385 570 428 636 de
444 571 564 636 fraude
586 572 761 637 securior.l
805 570 893 649 Quis
912 571 1000 634 eninr
1027 570 1071 636 ad
1092 590 1240 655 praeson-

129 672 282 739 tiendum
310 673 490 757 sagacior‘l
525 673 603 756 quis
630 673 827 755 vigilantior
854 671 898 737 ad
927 673 1134 738 videnduml
1158 676 1240 757 quis>

128 776 377 863 contemplatur
391 776 575 859 praesentia
590 776 713 854 acrius,
730 782 868 840 ventura
879 774 1062 858 prolixius,
1078 777 1238 859 ambigna

129 877 267 955 certine,
294 879 450 961 captiosa
473 877 632 945 felicius'l
675 881 708 942 5.
732 877 812 942 Non
837 877 915 942 hino
941 883 1054 944 tecum
1081 878 1238 962 Lynceus

127 979 209 1044 ille⁰
231 985 384 1060 certaret,
401 981 470 1065 qni,
493 984 530 1044 ut
546 977 657 1063 po'etae
674 979 790 1053 lerunt,
818 980 984 1063 parietum
1005 984 1115 1063 septa,
1135 985 1168 1044 et
1182 997 1232 1043 ar·

127 1081 245 1146 borum
258 1086 394 1146 truncos
410 1082 485 1146 visu
499 1079 602 1145 facile
619 1081 833 1165 trajiciebat:
857 1088 916 1146 aut
933 1080 1035 1145 etiarn
1051 1081 1120 1158 ille,
1136 1100 1238 1165 quern

127 1181 248 1247 eadem
264 1186 415 1266 vetustas
430 1181 547 1249 locuta
568 1189 633 1259 est,
650 1202 726 1247 cum
748 1182 781 1244 iu
806 1182 976 1247 Siciliensi
999 1184 1139 1266 specula
1163 1203 1240 1248 con·¹

128 1283 288 1363 adiisset,
317 1283 507 1367 conspicari
537 1283 675 1348 solitum
702 1302 819 1362 naves,
847 1279 925 1367 qnae
951 1281 1079 1351 Africae
1105 1292 1238 1369 portum

129 1386 302 1455 subirent:
326 1405 402 1450 cum
418 1391 633 1469 prospectum
648 1385 793 1450 hominis
815 1405 890 1450 nou·
907 1384 965 1451 aer
980 1387 1118 1463 aliusne,
1135 1407 1238 1472 quem

129 1488 332 1553 crassiorem
357 1487 529 1557 exhalatio
548 1488 651 1552 maris
669 1488 807 1566 faceret,
824 1508 892 1554 nou
915 1493 1068 1555 tantum?
1090 1488 1241 1574 disjunc-

128 1596 238 1658 tarum
253 1590 427 1672 regionum
443 1590 669 1675 longinquitas
685 1583 875 1674 impediret.

175 1690 266 1758 Car.
290 1707 363 1755 xri.
406 1693 440 1755 1.
463 1691 549 1755 Cum
574 1711 655 1776 spes
677 1693 786 1756 onmis
808 1693 926 1775 frigere
948 1693 1112 1768 debuerit,
1128 1701 1164 1759 et
1178 1688 1253 1759 voe*

128 1791 242 1858 luntas
273 1792 478 1876 pacificandi
510 1794 655 1858 alienata
685 1793 757 1873 sit:
789 1794 868 1877 quis
896 1794 1240 1875 dubitet-divinitus

129 1896 233 1963 armis
248 1896 315 1959 tuis
331 1894 494 1974 deditum,
510 1915 586 1960 oum
605 1915 646 1960 eo
661 1895 839 1960 dementiae
861 1896 1073 1979 processerit,
1089 1901 1127 1960 ut
1149 1897 1238 1961 ultro

129 1999 233 2065 etiam
248 1999 440 2076 lacesseret,
455 2017 553 2081 quem
576 1998 702 2063 ambire
716 1996 880 2065 deberet?
922 1998 955 2062 2.
980 1997 1010 2062 Ο
1028 2017 1127 2081 quam
1143 2016 1241 2063 acres

128 2101 261 2165 habesq
283 2098 438 2164 dolorum
463 2101 615 2178 aeuleos,
631 2101 848 2178 contumelia,
864 2118 966 2184 quarn
988 2099 1132 2182 imponit
1153 2098 1239 2164 inle-

128 2200 246 2270 riorlf
262 2221 341 2266 ecce
362 2202 464 2280 enim,
479 2221 541 2286 pro
555 2201 672 2268 dolori
694 2202 814 2281 (verba
835 2201 895 2266 vix
917 2198 1120 2286 suppetunt)
1140 2220 1239 2268 vene*

163 2384 177 2418 ἆ
191 2384 240 2434 Sed
253 2385 388 2462 nontmogis
398 2387 547 2436 metuendam
556 2385 697 2449 prudentie,
709 2402 738 2436 oe
748 2385 880 2449 deripiolur
892 2385 918 2435 iu
928 2385 1050 2450 colloquio,
1060 2400 1131 2450 quum
1141 2384 1238 2442 uirtuti,

129 2449 844 2577 m‘pal’rddqsuedidnsirreecd'ddd'iirs'dgrztisdceddqdsd?depositus
854 2519 888 2564 est
901 2515 994 2565 unimur
1004 2513 1136 2566 sancienda
1144 2513 1221 2581 perir.

158 2576 177 2621 s
191 2578 252 2633 Quoe
263 2579 368 2641 iru‘ertur
376 2580 406 2628 ub
417 2595 443 2629 eo
454 2580 496 2646 qui
506 2580 582 2630 altero
590 2580 711 2640 dignitate
722 2578 824 2638 inferior
835 2585 879 2630 ert.

591 2705 770 2728 eoeneuoeoe

129 2804 161 2853 iis
180 2802 256 2854 deest
274 2802 299 2853 in
318 2809 429 2868 utroque
444 2802 531 2853 Rivin.
548 2804 601 2867 quie
618 2803 787 2866 contempletur
805 2805 929 2854 exhibent
945 2803 1059 2868 Guelph.
1073 2803 1134 2854 Vel.
1154 2803 1238 2855 Lirin.

130 2869 239 2935 Cuspio.
273 2869 328 2918 Pro
336 2869 445 2930 felicius,
458 2869 544 2916 Moerl.
555 2876 678 2931 corrupte
682 2868 839 2934 fidelium-5
859 2871 914 2918 Nou
928 2869 968 2918 lrio
981 2875 1056 2918 terum
1069 2870 1137 2932 conj.
1152 2869 1236 2920 Lirin.

129 2946 176 2982 usu
186 2932 262 2992 focile
276 2933 390 2996 Guelplr.
406 2932 569 2996 improbante
586 2933 676 2982 Arntz.
693 2947 746 2984 oum
762 2934 885 2984 Siciliensi
901 2935 1007 2984 Puteal.
1020 2936 1135 2982 ereuau.
1148 2933 1239 2996 Steph.

129 2999 215 3049 Lirin.
232 2998 320 3046 Ririn.
341 3014 394 3048 cunr
408 3000 435 3048 irr
446 2998 474 3049 S.
486 2998 601 3061 Guelplr.
618 2999 685 3048 Erre.
704 2998 851 3049 Seironhor.
865 3001 931 3048 Erre.
952 3000 1030 3054 Lanr.
1045 2999 1107 3047 Vet.
1123 2998 1238 3052 Putean-

130 3063 234 3113 Bertiu.
246 3064 355 3127 Cuspio.
367 3063 444 3112 Grut.
456 3071 484 3112 et
497 3071 609 3112 reeenrt.
626 3063 668 3112 u'e'r
678 3061 769 3125 effosus
780 3064 867 3113 Moerl.
879 3063 994 3125 Guelph.
1004 3063 1108 3112 Puteol.
1120 3063 1238 3113 Rhenuu.

131 3127 167 3176 H.
178 3128 271 3190 steph.
283 3137 310 3177 et
322 3128 407 3176 Riviu.
423 3131 552 3176 nantuato
562 3128 623 3177 Ver.
640 3128 752 3176 Puteau.
766 3135 793 3177 et
810 3131 847 3177 sie
862 3129 932 3191 conj.
945 3130 1023 3179 Grut.
1035 3135 1062 3178 et
1073 3127 1176 3178 Acidal.
1191 3143 1239 3178 nort

129 3197 189 3257 ium.
201 3207 216 3242 e
230 3193 378 3255 conjectura
393 3192 504 3240 Lirineii
517 3192 600 3242 edidit
611 3193 728 3241 Puturol.
749 3192 810 3242 vio.
823 3194 900 3242 Nort.
911 3194 990 3242 Varr.

163 3257 233 3306 Cae.
250 3269 304 3305 xrr.
332 3263 355 3306 1·
366 3258 425 3306 Cum
437 3258 524 3320 species
536 3258 622 3306 Moerl.
637 3255 763 3306 demenda·
772 3258 913 3320 processerit
930 3257 1035 3306 Puteal.
1051 3256 1158 3319 cuspin.
1171 3257 1238 3305 Rhe·

130 3334 192 3370 nau.
209 3321 302 3382 Steplr.
320 3322 406 3370 ilirin.
424 3323 457 3370 el.
474 3327 540 3370 vett.
567 3320 727 3385 demeatioe'p.
739 3321 801 3371 Vet.
815 3323 924 3371 Pureau.
936 3321 1048 3382 (irrelplr.
1062 3320 1146 3370 Lirin.
1160 3319 1239 3369 Grnt.

130 3393 158 3434 et
171 3391 283 3435 reoeult.
316 3385 393 3447 Mox,
403 3385 476 3434 etium
488 3385 564 3434 deest
575 3387 601 3435 iu
616 3387 704 3434 Moerl.
716 3392 743 3435 et
756 3386 920 3448 (insipie-2
938 3386 1050 3435 Dolorem
1063 3387 1155 3435 eculeos
1167 3385 1240 3437 loires

129 3448 235 3502 Berlin.
259 3449 330 3499 lroies
350 3451 422 3497 deest
437 3449 464 3497 in
481 3449 568 3498 Moeri.
592 3449 673 3509 iudet,
688 3464 702 3498 e
720 3451 791 3514 conj.
806 3451 910 3509 Brund,
924 3450 1008 3499 edidit
1019 3449 1135 3498 Petarol.
1169 3449 1242 3499 Vide

130 3513 209 3563 Noli.
220 3514 297 3563 Varr.
310 3529 324 3563 o
335 3514 475 3563 contumelio
483 3515 601 3564 erenun.
612 3514 703 3578 steph.
716 3515 805 3565 Rivin.
823 3531 850 3565 eo
858 3513 1004 3565 coutinentia
1015 3515 1081 3564 Erro.
1092 3514 1236 3562 Seironlror.

129 3595 145 3628 u
159 3577 251 3629 delent
262 3579 325 3628 Vet.
344 3579 458 3629 Putean.
477 3577 591 3644 Guelplr.
604 3578 689 3629 Lirin.
709 3579 788 3631 Grut.
806 3587 834 3630 et
851 3586 962 3630 reeentt.
989 3579 1072 3630 oculu
1085 3579 1198 3642 desertio,
1213 3583 1238 3626 et

625 3710 737 3761 NOTAE

141 3843 144 3851 .
163 3814 175 3840 ⁰
194 3805 303 3874 Lynceus
319 3805 372 3869 iile]
388 3805 478 3855 Simile
496 3804 557 3869 quid
570 3805 666 3855 habant
706 3804 771 3856 iero.

130 3883 276 3934 PlinNat.
288 3883 467 3933 Histriam.
493 3881 586 3931 Strabo
597 3882 666 3932 Geo·
738 3890 751 3924 v
770 3884 826 3932 Non
843 3878 948 3946 tontum]
965 3883 1035 3942 Lege
1052 3895 1098 3928 sorr
1112 3883 1190 3938 tantu,
1207 3883 1239 3928 nt

130 3960 223 4025 graph.
236 3959 282 4010 lib.
294 3973 332 4010 rr.
342 3959 435 4009 AElian.
447 3960 533 4008 Variae
549 3959 620 4008 illst.
632 3972 666 4010 11.
707 3971 740 4009 ex
757 3959 841 4008 reteri
861 3958 952 4008 codice
970 3958 1091 4008 emendat
1103 3962 1163 4022 post
1176 3956 1237 4005 Ari·

129 4042 172 4089 13.
199 4035 363 4092 Plutarchus,
374 4035 471 4086 Tullius
484 4032 566 4084 Aeud.
578 4033 664 4085 111».ιι.
707 4033 801 4083 delium
815 4033 953 4083 Gruterus.

129 4102 277 4165 tietmar.
294 4111 341 4162 rib.
360 4127 398 4163 rr.
411 4125 470 4174 cap.
482 4111 583 4169 ultimo,
601 4124 664 4174 quo·
736 4119 749 4156 u
766 4109 861 4173 Hales]
880 4109 958 4159 Forte
970 4106 1050 4162 noer.

130 4204 187 4241 ruur
211 4189 299 4253 rerba,
315 4202 348 4244 ue
367 4188 459 4239 nimius
478 4188 535 4251 sim,
553 4201 604 4238 non
622 4199 662 4235 re·
