2730 4726
309 309 365 356 rr..
389 307 545 357 vaucarr
571 305 830 354 consrnnrrnr
858 306 993 355 rrncnr.
1094 292 1179 359 1313

78 453 250 522 Licinium
265 451 374 534 Angg.
390 450 479 515 hello
495 455 653 534 suscepto
666 469 687 514 a
702 450 835 517 Licinio
850 459 1038 534 superatus,
1053 456 1087 519 in
1102 453 1180 522 Asi-

78 579 137 629 am
153 557 251 641 fugit,
267 556 325 620 uhi
342 554 530 621 miserando
545 555 663 618 mortis
683 573 803 636 genere
820 556 927 637 periit.
962 555 1042 623 Vid.
1057 556 1182 623 Euseh.

80 662 213 727 Zosim.
257 658 501 725 Constantinus
516 657 648 722 delatas
669 657 713 723 ad
735 677 770 721 se
792 678 868 721 cum
884 659 917 721 in
941 658 1065 724 Galliis
1091 667 1184 726 esset

79 766 118 830 in
130 761 323 846 Agrippina
340 762 481 826 civitate
505 761 763 825 Donatistarum
787 760 822 823 iu
845 759 962 828 Africa
984 765 1183 829 turbantium

81 864 342 942 conaoversias,
373 862 559 929 Melchiadi
597 862 761 927 Pontifici
796 863 952 930 Romano
980 865 1184 931 dirimendas

81 969 271 1047 committit,
286 986 392 1051 aquo
407 967 457 1031 illi
474 967 683 1031 damnantur.

136 1120 183 1184 A.
202 1119 245 1184 U.
258 1119 298 1185 C.
315 1108 470 1182 mcxvii.
502 1117 629 1182 Christi
647 1134 798 1182 cccxlv.
833 1118 951 1184 Const.
964 1118 1055 1203 Imp.
1074 1137 1130 1184 rx.

520 1221 628 1285 AEtat.
650 1237 749 1284 xnrr.

129 1343 256 1406 Iterum
282 1340 477 1404 Donatistae
508 1340 551 1403 ah
576 1339 716 1403 AEliano
742 1338 869 1405 Africae
896 1344 1094 1424 proconsule
1121 1359 1187 1409 XV.

86 1444 288 1522 KahMart
301 1448 337 1531 et
352 1440 395 1505 ad
412 1441 492 1506 Kal.
507 1441 597 1522 Aug.
614 1441 812 1505 damnantur
832 1463 853 1506 a
872 1445 1001 1526 synodo
1014 1441 1189 1511 Arelaten-

85 1549 129 1622 si,
146 1547 201 1611 cui
216 1547 289 1628 ipse
304 1544 548 1610 Constantinus
565 1563 641 1607 cum
655 1545 821 1620 ducentia,
837 1553 875 1609 ut
890 1545 937 1610 ait
950 1540 1189 1629 Augustcon-

85 1658 139 1717 tra
160 1649 316 1713 Parmen.
343 1663 368 1708 1.
394 1648 425 1712 ὅ.
450 1647 505 1711 vel
528 1654 565 1712 ut
590 1644 670 1711 Ado
694 1648 907 1729 Viennensis,
931 1669 1008 1713 cum
1032 1652 1193 1716 trecentis

87 1751 266 1836 episcopis
281 1749 484 1814 interfuerat.

148 1920 189 1985 A.
208 1918 254 1984 U.
270 1916 309 1981 C.
327 1931 501 1980 nnxvrrr.
537 1914 660 1980 Christi
677 1933 816 1983 cccxv.
851 1914 970 1982 Const.
985 1917 1073 2003 Imp.
1091 1935 1132 1986 X.

524 2019 627 2082 AEtat.
645 2034 760 2082 xurrr.
783 2042 785 2047 ’

134 2141 220 2206 Cum
237 2137 476 2204 Constantinus
494 2153 544 2200 rr.
568 2157 639 2200 cos.
668 2136 798 2200 Licinio
824 2153 874 2200 rr.
898 2135 963 2199 col.
979 2137 1193 2215 Bassianum,

89 2244 147 2310 cui
163 2261 240 2308 curn
256 2240 367 2306 ltaliae
387 2239 678 2303 administratione
700 2236 919 2302 Anastasiam
947 2259 1097 2304 sororem
1114 2260 1195 2304 con·

83 2348 203 2432 jugem
219 2343 365 2420 dederat,
381 2340 522 2406 insidias
546 2340 612 2423 ipsi
638 2339 828 2404 molientem
855 2347 960 2405 morte
986 2343 1196 2421 mulctasset,

88 2454 122 2514 et
138 2447 303 2513 Siniciom
319 2444 393 2527 ejus
405 2443 540 2507 fratrem
558 2442 660 2529 totius
675 2442 812 2506 sceleris
828 2444 1033 2508 incentorem
1045 2450 1078 2510 et
1089 2445 1195 2509 archi-

88 2556 253 2615 tectuma
272 2547 413 2623 Licinio,
428 2545 527 2629 cujus
545 2550 658 2627 partes
673 2547 889 2628 sequebatur,
907 2547 1117 2631 repetiisset3
1140 2567 1197 2611 ne-

90 2658 192 2736 gante
208 2650 353 2726 Licinio,
368 2651 423 2713 cui
433 2649 503 2731 jam
521 2647 764 2711 Constantinus
780 2654 915 2731 propter
931 2649 1081 2733 dejectas
1097 2650 1140 2714 ab
1156 2669 1197 2712 eo

92 2754 187 2838 apud
203 2753 380 2816 AEmonam
398 2757 526 2814 statuas
541 2770 632 2827 suas,
649 2749 704 2814 vel
724 2757 762 2813 ut
785 2752 834 2813 ait
855 2751 1036 2829 Eusebius,
1061 2760 1199 2835 propter

92 2855 300 2921 malevolum
326 2854 417 2917 illius
443 2873 521 2934 erga
545 2852 755 2916 Christianos
776 2852 922 2916 animum
944 2857 1016 2917 erat
1036 2852 1198 2929 iniensuS,

93 2957 220 3023 bellum
236 2957 267 3021 ei
282 2956 413 3033 indicit,
435 2962 470 3018 et
493 2954 636 3037 primum
659 2954 702 3017 ad
727 2952 871 3018 Cibalim
893 2953 1047 3034 (Cibalas
1071 2954 1131 3019 alii
1153 2954 1198 3018 le·

92 3059 196 3142 gunt)
208 3059 391 3124 Pannoniae
404 3057 580 3144 oppidum,
587 3057 693 3140 juxta
706 3058 864 3139 paludem
877 3056 1041 3122 Hiulcam
1053 3058 1200 3132 nomine,

94 3171 168 3229 tum
185 3161 310 3238 Sirmii,
326 3160 460 3225 tandem
478 3161 512 3224 in
528 3179 651 3243 campo
670 3159 857 3224 Mardiensi
881 3161 1073 3225 Licinianos
1088 3161 1200 3244 profli-

94 3271 167 3349 gat.
191 3262 247 3328 Ita
264 3263 403 3347 Eutrop.
420 3260 548 3327 Victor.
575 3260 624 3325 At
641 3261 882 3327 Constantinus
899 3283 1031 3327 summo
1048 3264 1200 3328 victoriae

89 3368 170 3452 jure
181 3367 233 3430 uti
248 3366 364 3430 uolens
380 3385 496 3448 pacem
510 3365 646 3430 Licinio
663 3385 704 3429 ea
720 3364 911 3429 conditione
929 3366 1032 3442 dedit,
1048 3373 1085 3430 ut
1101 3366 1201 3448 ‘ipse

97 3469 247 3552 Illyrios,
261 3487 390 3532 omnem
406 3467 628 3546 Dardaniam,
646 3468 816 3543 Maesiam,
834 3467 1081 3545 Macedoniam,
1098 3478 1133 3531 et
1153 3469 1203 3530 ul·

95 3572 235 3638 teniores
261 3572 294 3635 in
321 3569 538 3635 Occidentem
559 3572 774 3656 provincias3
798 3569 953 3634 Licinius
975 3570 1155 3634 Thraciam
1170 3575 1204 3632 ct

95 3673 256 3739 ulteriora
271 3673 306 3737 in
318 3672 491 3737 Orientem
505 3674 660 3739 retineret
672 3695 680 3755 ;
692 3673 824 3738 Valens
839 3691 901 3737 ceu
912 3674 1071 3738 malorum
1083 3678 1204 3736 auctor

98 3775 294 3841 tolleretur?
332 3759 456 3862 Haece
474 3775 626 3840 Zosimo.

155 3923 461 4014 A.U.G.M1.xx.
493 3925 617 3992 Christi
634 3943 807 3993 cccxvrr.
838 3927 1148 4010 Const.Imp.xrr.

452 4094 459 4107 ,
548 4029 653 4093 AEtat.
671 4044 762 4093 an.

144 4147 231 4213 Cum
248 4147 415 4213 Licinium
428 4148 615 4232 opprimere
627 4146 763 4213 difficile
775 4157 911 4233 propter
923 4148 999 4232 ejus
1010 4152 1207 4231 potentiam,

167 4265 253 4330 Delph.
263 4270 287 4316 et
300 4265 360 4333 Ver.
371 4266 438 4315 cras.
579 4265 673 4329 Puneg.
688 4266 742 4318 Vct.
1068 4271 1097 4317 ⁴t
1116 4267 1140 4318 0
