2730 4726
353 304 597 360 messanen
620 301 844 357 urnnarnn
868 305 1006 358 ranno.
1147 290 1235 361 1129

133 445 262 519 Eadem
286 449 391 515 editio
417 449 517 515 etiam
543 468 674 534 praese
697 452 762 516 fert
785 470 909 516 aunum
934 451 1031 517 1655.
1054 457 1091 516 et
1111 472 1234 518 nomen

130 552 348 636 bibliopolae,
364 553 533 618 Simeonis
556 553 663 634 Piget.
706 553 775 618 Sed
798 553 883 616 nihil
907 553 954 617 ibi
977 556 1235 633 mutatum‚nisi

131 655 255 725 titulus
274 662 310 719 et
326 655 470 719 formula
493 654 742 732 Dedicationis,
762 665 839 737 quae
858 655 1027 739 inscripta
1049 664 1104 720 est
1121 657 1233 723 Ludo·

130 758 213 823 rico
224 756 461 841 Phelypeaux,
478 758 626 822 Domino
642 757 683 823 de
696 758 863 834 Urilliere,
874 760 935 821 &a
972 756 1053 824 Non
1069 759 1235 825 immerito

132 859 200 924 dici
215 865 328 944 potest
342 861 446 924 editio
460 861 625 935 Puteana,
641 879 662 925 a
677 861 800 927 Claud.
816 860 987 936 Puteano‚
1002 867 1155 925 senatore
1167 860 1234 926 Pa·

131 960 276 1038 risiensi‚
291 963 362 1045 qui,
379 982 458 1026 cum
473 963 612 1038 viveret,
624 962 665 1028 de
678 982 769 1028 nova
783 962 930 1029 editione
946 963 1118 1046 cogitavit,
1130 981 1233 1046 quam

132 1083 209 1128 cum
230 1065 333 1128 variis
354 1063 443 1127 Mss.
463 1063 636 1144 diligenter
657 1066 828 1143 collatam,
847 1072 881 1131 et
899 1065 1064 1144 Catanaei,
1086 1065 1233 1151 Raijaui,

132 1165 305 1244 Balduiui,
329 1165 486 1241 Livineii,
521 1165 644 1250 Lipsii,
670 1175 704 1231 et
728 1167 860 1232 Gruteri
890 1169 994 1246 notis,
1015 1187 1056 1232 ac
1077 1167 1234 1235 Valentis

130 1264 285 1332 Acidalii
304 1267 504 1351 conjecturis
525 1276 672 1346 auctam,
690 1269 771 1333 item
792 1268 886 1333 Petri
907 1260 1009 1334 Fabri
1032 1269 1234 1351 Sanioriani,

132 1367 257 1434 Franc.
279 1367 401 1446 Jureti,
423 1368 554 1434 Theod.
578 1369 767 1445 Pulmanni,
791 1376 825 1434 et
850 1369 990 1436 Antonii
1014 1370 1233 1454 Schonhovii,

130 1471 274 1556 suisque
291 1471 441 1554 inprimis
462 1471 554 1535 notis
574 1479 610 1536 et
628 1470 917 1537 emendationibus
938 1477 1033 1537 antea
1050 1492 1117 1536 non
1132 1472 1233 1539 editis
1273 1510 1283 1530 ·

129 1571 382 1656 locupletatam,
413 1591 491 1637 cum
519 1577 609 1636 esset
638 1573 794 1656 proxime
831 1574 992 1652 editurus,
1029 1583 1233 1658 praematura

128 1679 237 1743 morte
250 1676 349 1739 rebus
363 1674 517 1739 humanis
531 1681 670 1759 ereptus
685 1681 745 1742 est.
789 1677 876 1742 Post
889 1685 1029 1741 mortem
1048 1685 1170 1756 tamen,
1185 1696 1233 1743 ox

128 1777 225 1844 illius
246 1777 393 1857 schedis,
415 1779 490 1843 haec
515 1778 621 1842 editio
644 1780 807 1845 adornata
830 1785 893 1858 est,
918 1781 975 1845 cui
998 1779 1090 1845 velut
1112 1779 1233 1846 sunda·

128 1880 235 1943 menti
250 1879 328 1945 loco
341 1880 406 1945 suit
419 1879 525 1945 editio
536 1880 747 1960 Grutcriana,
763 1902 817 1947 an.
832 1883 943 1948 1607:

174 1981 377 2068 Panegyrici
401 1982 547 2049 Veteres
569 1984 843 2068 interpretatione
866 1992 901 2048 et
924 1985 1016 2048 notis
1038 1984 1233 2050 inlustravit

127 2082 153 2148 J
155 2085 286 2149 acohus
297 2085 350 2149 De
362 2086 397 2150 la
409 2086 540 2160 Baune,
551 2085 630 2150 Soc.
642 2086 715 2152 des.
726 2086 824 2168 jussu
837 2085 1115 2150 Christianissimi
1130 2086 1231 2167 regis,

127 2185 176 2250 ad
189 2206 291 2251 usum
314 2187 481 2264 Sereniss.
497 2187 671 2270 Delphini.
715 2186 860 2252 Parisiis
875 2187 966 2271 apud
982 2186 1150 2251 Simonem
1167 2187 1233 2253 Be·

126 2288 224 2355 nard.
240 2309 294 2354 an.
311 2307 349 2353 11.
359 2307 433 2353 nc.
446 2305 587 2354 nxxvr.
602 2291 636 2354 4.
680 2291 802 2355 Editor
816 2287 873 2354 hic
890 2299 1032 2355 secutus
1047 2296 1101 2355 est
1114 2289 1232 2357 editio·

127 2409 207 2455 nem
231 2390 457 2456 Parisiensem
486 2411 540 2456 au.
570 2391 667 2456 1643.
722 2391 815 2470 Quid
838 2400 1000 2477 praetcrea
1022 2393 1232 2476 praestiterit,

122 2493 197 2577 jam
213 2494 247 2557 in
261 2494 555 2559 observationibus
570 2493 616 2557 ad
628 2493 731 2557 Plinii
747 2493 876 2579 Paneg.
894 2496 1126 2578 exposuimus.
1163 2494 1230 2559 Ea·

128 2594 208 2659 dem
224 2596 328 2660 editio
342 2615 461 2661 recusa
472 2602 527 2675 est
543 2615 596 2660 an.
612 2595 709 2660 1728.
733 2595 899 2662 Venetiis.

173 2695 363 2763 Duodecim
380 2699 582 2782 Panegyrici
600 2697 757 2776 Veteres
771 2720 813 2764 ex
829 2701 957 2764 saeculo
978 2697 1231 2764 aDiocletiauo

129 2799 175 2867 ad
190 2801 421 2867 Theodosium
436 2800 649 2886 superstites,
665 2804 820 2866 recensiti
836 2822 857 2866 a
873 2801 1110 2884 christophoro
1120 2798 1230 2866 Cella·

127 2903 191 2968 rio.
238 2903 341 2968 Halae
359 2903 770 2985 Magdeh.au.urnccrlr.
815 2902 938 2999 Editor
951 2901 1164 2984 potissimum
1180 2921 1232 2967 se·

128 3011 232 3072 cutus
244 3006 375 3073 videtur
388 3007 565 3070 editionem
581 3007 604 3073 J
607 3027 659 3071 ac.
671 3006 725 3071 De
740 3006 772 3069 la
782 3005 909 3083 Raude,
919 3004 1014 3068 nullo
1029 3004 1147 3069 codice
1162 3003 1232 3069 Ms.
1305 3042 1307 3046 ι

128 3129 226 3175 usus.
271 3109 366 3188 Quia
379 3129 462 3174 vero
475 3110 550 3173 haec
566 3109 672 3173 editio
687 3109 721 3172 iu
736 3108 917 3174 Germania
932 3108 1144 3192 potissimum
1164 3129 1231 3174 usu

128 3213 232 3288 valet,
261 3212 305 3278 ad
330 3231 405 3277 eam
431 3218 466 3278 et
490 3212 730 3279 emendandam
754 3218 788 3277 et
807 3212 1068 3278 confirmandam
1084 3213 1230 3279 maximo

128 3315 342 3398 respicimus.

174 3417 397 3501 Panegyricus
424 3416 603 3482 Orationes
629 3416 788 3484 Veterum
813 3417 1003 3484 Oratorum.
1059 3416 1164 3483 Notis
1188 3436 1230 3485 ac

130 3520 404 3586 Numismatibus
421 3520 614 3598 illustravit,
632 3527 665 3586 et
680 3520 834 3586 italicam
849 3520 1156 3604 interpretationem
1171 3519 1230 3586 ad·

123 3623 211 3710 jecit
225 3622 428 3689 Laurentius
443 3622 604 3701 Patarol„
620 3620 785 3688 Venetus.
815 3623 930 3688 Editio
946 3623 1105 3702 secunda,
1117 3622 1229 3689 Vene-

127 3727 199 3804 tiis,
223 3745 277 3795 an.
304 3743 388 3790 111).
399 3741 555 3791 caxrx.
572 3725 605 3790 8.
652 3725 769 3811 (Prior
783 3727 886 3792 editio
908 3746 962 3790 an.
979 3743 1018 3789 11.
1033 3741 1227 3789 u.cc.vrrr.

127 3828 325 3914 prodierat.)
369 3827 488 3892 Editor
513 3829 723 3914 potissimum
748 3830 977 3894 recensionem
1004 3827 1229 3895 Cellarianam

126 3936 268 3999 secutus
280 3929 424 4008 videtur,
441 3936 475 3994 et
488 3951 681 4015 quanquam
700 3933 736 3996 iu
758 3933 964 3997 Praelationc
980 3938 1229 4009 commemoret,

128 4034 288 4100 ucetiam
304 4033 467 4116 quosdam
483 4034 617 4098 codices
632 4034 721 4099 Mss.
738 4035 943 4111 adhibuisse,
955 4035 990 4099 in
1013 4034 1100 4117 ipsis
1120 4039 1227 4099 tamen

127 4138 233 4215 notis,
257 4136 442 4200 succinctis
468 4136 617 4220 alioquin
641 4143 674 4201 et
694 4126 882 4218 luculentis,
900 4155 1066 4221 nusquam
1089 4137 1228 4216 iudicat,

126 4241 202 4323 ubi,
217 4247 252 4306 et
266 4238 357 4304 unde
373 4237 529 4323 quaedam
544 4239 621 4306 loca
636 4239 829 4327 correxerit.
