2730 4726
140 303 229 370 1³26
467 317 625 367 racnnrr
650 317 926 394 nnnncrnrcus

136 463 286 549 imperii,
314 463 451 530 laetatus
474 464 643 550 estquod
674 465 802 550 petisti.
845 466 879 532 3.
902 465 933 531 0
957 465 1109 534 divinum
1140 448 1250 552 tunm,

134 566 363 641 Maximiano,
382 566 561 648 judicium,
575 568 631 652 qui
647 566 736 631 hunc
753 570 814 633 tibi
832 569 911 652 jure
931 569 1123 654 adoptionis
1143 593 1249 657 nepo-

140 679 221 743 tem,
236 669 424 754 majestatis
440 669 556 733 ordine
572 669 688 743 lilium,
704 671 806 734 etiam
822 690 977 752 generum
992 693 1069 737 esse
1086 675 1247 742 voluisti!

126 773 237 849 »Divi,
253 773 404 856 inquam,
420 770 609 836 Constantii
635 773 753 849 filiurn,
776 775 810 837 in
835 793 932 856 quem
957 794 995 839 se
1017 776 1128 858 prima
1154 777 1248 843 illius

133 875 278 961 juventa
293 874 483 951 transfudit,
498 875 531 936 in
544 873 643 956 cnjus
658 894 718 938 ore
733 875 891 939 coelestes
910 875 1001 939 illius
1018 879 1132 940 vultus
1148 887 1247 945 natu·

133 999 181 1044 ra
193 977 360 1060 signavit,⁸
374 976 433 1059 qui
449 981 626 1058 aspectum
640 977 743 1053 illius,
754 978 798 1040 ad
814 977 964 1041 Deorum
975 980 1126 1044 concilia
1136 988 1251 1046 bans-

133 1082 215 1158 lati,
238 1078 349 1144 adhuc
372 1076 643 1142 desiderantibus
664 1081 766 1143 nobis
786 1079 909 1144 suffieit
933 1100 997 1164 pro
1020 1081 1169 1146 duobus.
1213 1086 1247 1148 4.

134 1180 267 1267 ¹Neque
289 1182 377 1246 eninr
405 1182 515 1245 forma
536 1187 664 1246 tantum
688 1184 722 1246 in
744 1190 778 1247 te
798 1185 915 1266 patris,
931 1183 1166 1262 Constantine,
1183 1187 1247 1252 sed

141 1286 243 1350 etiam
264 1285 485 1363 continentia,
506 1284 680 1363 fortitudo,
699 1284 845 1368 justitia,
860 1285 1038 1369 prudentia
1063 1307 1141 1351 sese
1158 1289 1247 1354 votis

133 1389 289 1472 -gentiurn
304 1391 520 1470 praesentant.

135 1545 138 1552 .
185 1487 273 1553 Gur.
298 1505 345 1553 ιν.
391 1488 424 1553 l.
459 1487 539 1567 Quo
577 1490 663 1554 enim
703 1489 811 1572 magis
853 1491 1100 1555 continentiam
1141 1494 1246 1576 patris

46 1594 49 1604 '
141 1610 278 1676 aeqnme
294 1590 447 1674 potuisti,
464 1610 564 1673 qnam
580 1591 673 1676 qnod
695 1598 730 1656 te
754 1594 798 1657 ab
812 1593 888 1676 ipso
903 1593 969 1658 fine
985 1595 1140 1676 pueritiae
1155 1595 1247 1660 illico

141 1694 344 1759 matrimonii
368 1693 501 1776 legibus
527 1694 718 1759 tradidistil
740 1702 780 1759 ut
803 1696 913 1778 primo
934 1697 1088 1779 ingressu
1111 1696 1245 1762 adoles-

140 1796 280 1862 centiae‘
301 1796 463 1860 formares
486 1796 636 1860 animum
658 1796 857 1874 maritalem,
870 1796 955 1861 nibil
971 1796 1014 1861 de
1029 1799 1125 1881 vagis
1149 1800 1247 1882 cupi-

142 1897 318 1978 ditatibus,
346 1897 429 1972 nibil
454 1898 497 1963 de
525 1898 702 1963 concessis
728 1898 823 1963 retati
851 1898 1084 1982 voluptatibus
1113 1900 1150 1963 in
1179 1899 1246 1965 boc

141 2019 273 2064 sacmm
300 2008 422 2084 pectas
447 1998 662 2080 admitteres3
691 2019 817 2065 norum
839 1999 1008 2084 jamtum
1034 2000 1245 2080 miraculum,

137 2101 274 2185 juvenis
290 2102 470 2167 uxoriust-
502 2102 585 2179 Sed,
600 2110 638 2169 ut
649 2123 702 2167 res
716 2108 780 2180 est,
795 2109 905 2168 mente
919 2121 1075 2185 praesaga
1089 2103 1246 2168 omnibns

49 2253 52 2257 <
140 2210 174 2268 te
203 2204 416 2269 verecundiae
444 2205 736 2271 observationibus
772 2203 961 2281 imbuebas,
992 2203 1095 2267 talem
1125 2211 1245 2287 postea

141 2306 306 2371 ducturus
320 2324 470 2370 uxorem.
514 2306 548 2371 2.
574 2305 815 2370 Fortitudinem
832 2310 945 2370 autem
965 2305 1058 2369 illius
1075 2304 1150 2389 jam
1173 2314 1245 2371 tum

142 2409 176 2472 in
191 2409 364 2491 principiis
379 2416 581 2484 consecutus
597 2429 646 2473 es.
693 2407 805 2473 Multa
820 2407 878 2472 ille
893 2407 1096 2472 Francorum
1112 2408 1247 2489 millia,'

143 2511 201 2593 qui
224 2509 417 2586 Batauam,
432 2510 584 2592 aliasque
604 2511 654 2573 cis
679 2510 835 2574 Rhenum
857 2515 964 2574 terras
979 2510 1181 2590 invaserant,
1197 2514 1245 2576 in-

142 2612 280 2692 terfecit,
296 2613 437 2697 depulit,
461 2614 564 2696 cepit,
580 2613 740 2678 abduxit!
785 2613 838 2676 Tu
859 2611 934 2696 jam
955 2613 1000 2678 ab
1020 2612 1107 2697 ipsis
1131 2633 1246 2681 eorum

142 2913 239 2961 loelotao
248 2915 294 2969 ert,
305 2908 462 2972 Bongarsius
475 2910 662 2974 auspicabatur,
674 2911 776 2972 torgitur
786 2911 879 2959 ert-8
897 2907 1133 2971 deotpagmrom
1141 2911 1247 2963 crhisti.

142 2975 217 3025 Idem
229 2974 322 3035 codex,
332 2976 400 3035 prior
409 2976 484 3024 illiue.
513 2976 572 3024 Vel.
587 2977 697 3025 Puteau.
708 2978 739 3023 od
749 2975 854 3024 Deorum
864 2975 998 3023 mediam.

176 3040 243 3089 Can.
259 3052 298 3087 ιν.
325 3040 358 3086 l‘
373 3040 493 3094 Quomodo
510 3041 572 3089 erim
590 3041 703 3105 Guelpb.
721 3038 836 3088 trinum*
854 3040 991 3089 Arata—2
1011 3037 1127 3087 liberari.
1139 3039 1248 3103 Cuspio.

143 3103 331 3168 Stepb.1.lrin.
347 3103 434 3154 Rivin.
444 3105 534 3167 depulit
544 3105 661 3162 obductu
679 3105 794 3170 Guelpb.
805 3105 866 3155 Vct.
881 3105 965 3154 urin.
979 3104 1040 3153 Vel.
1051 3103 1166 3156 Putean.
1182 3107 1248 3157 Ber·

640 3263 664 3312 bl
669 3261 749 3314 0¹1·AE

143 3359 196 3408 nim
225 3357 416 3417 Constantium,
434 3361 601 3412 Constantini
629 3377 672 3424 pr·
748 3359 856 3408 ‘Primo
877 3359 986 3422 tigrem
1004 3357 1180 3421 odobreemio]
1198 3359 1248 3408 Lo·

144 3443 221 3497 trem,
242 3435 372 3485 Caesarem
390 3445 418 3487 et
435 3436 580 3500 Augustum
605 3435 672 3486 lece·
715 3450 762 3489 cns
779 3435 886 3498 insignis
907 3435 940 3486 ed
960 3432 1119 3498 probandam
1138 3435 1248 3485 etCon·

142 3519 192 3563 rat.
715 3512 805 3561 stantii
818 3520 845 3561 et
860 3510 1024 3561 Constantini
1039 3509 1249 3572 continentiam

175 3599 186 3625 ¹
202 3593 299 3642 Noturo
313 3588 431 3654 riguerit]
448 3589 565 3654 Idipsunr
578 3587 671 3639 confir·
714 3589 758 3638 sod
771 3590 796 3637 id
808 3590 833 3638 in
843 3589 976 3652 utriusque
987 3588 1042 3636 rita
1053 3587 1233 3649 expendimus·

71 3681 74 3686 ’
143 3676 198 3720 met
218 3669 418 3731 Paneg.vrr.4.
436 3666 522 3716 ‘Inde
539 3673 579 3715 est
604 3664 671 3728 qood
746 3665 856 3713 uMulto
873 3664 915 3713 ille
934 3664 1079 3713 Francorum
1095 3661 1185 3724 millio]
1208 3662 1248 3710 De

144 3753 218 3796 tonte
229 3759 263 3796 ex
280 3746 323 3794 illo
341 3744 367 3792 in
379 3751 405 3791 te
423 3740 513 3792 formae
531 3741 673 3792 similitudo
714 3738 861 3789 Constantii
879 3738 1049 3809 expeditione
1064 3738 1163 3798 Poneg.
1184 3749 1210 3786 t.
1226 3741 1251 3787 8.

143 3820 273 3885 transivit,
291 3826 320 3868 nt
342 3818 461 3878 signante
483 3823 575 3865 natura
598 3816 673 3865 vulti·
714 3823 742 3864 et
764 3817 861 3878 Peneg.
882 3828 932 3864 vrr.
950 3820 976 3865 5.
1010 3815 1088 3865 ‘Nec
1106 3818 1248 3863 contentus

144 3897 194 3947 bur
219 3898 268 3947 tuit
285 3897 413 3959 impressa
434 3894 564 3943 rideatur.
598 3894 672 3942 Idem
714 3893 872 3952 carricare,
888 3891 959 3953 ipseo
976 3890 1003 3939 in
1021 3889 1151 3938 Romanas
1162 3894 1247 3938 trans·

144 3985 275 4037 aspectus,
289 3971 382 4022 eedem
401 3969 427 4017 in
443 3967 531 4018 fronte
551 3969 673 4032 gravitas,
715 3970 774 4018 tulit
792 3969 921 4029 nationes,
944 3974 1040 4017 utnon
1061 3965 1144 4014 solum
1166 3977 1249 4025 armo,

144 4049 236 4100 eodem
254 4052 280 4098 in
296 4047 378 4098 oculis
389 4054 416 4095 et
428 4045 455 4093 in
473 4057 517 4094 ore
530 4043 672 4109 tranquilli·
713 4046 759 4095 sed
777 4053 804 4094 et
816 4044 949 4094 feritatem
965 4056 1062 4106 ponere
1074 4041 1249 4104 cogerentur)

144 4131 205 4175 tort
224 4126 262 4176 ric
272 4118 314 4176 erl
331 4123 409 4173 index
430 4121 562 4196 modestiae
578 4121 674 4189 rubor,'
705 4118 1021 4171 {mundandorum
1040 4125 1100 4178 post
1117 4115 1249 4168 decimum

144 4203 194 4250 tce.
715 4197 819 4248 tandem
831 4211 924 4246 annum
936 4193 1110 4258 recuperatis.
