2730 4726
380 315 439 364 sc.
461 314 544 364 van.
570 311 801 365 consultura
827 313 981 360 cunoni.
1144 294 1231 362 1267

126 455 175 518 ad
200 467 324 518 annum
348 467 472 516 cccvi.
504 452 627 535 probat
652 451 832 527 Batonius,
847 448 984 513 difficile
1008 451 1052 514 sit
1073 454 1231 516 statuere.

128 557 231 621 Certe
246 555 333 619 hanc
348 562 552 639 postremam
567 553 757 637 opinionem
771 551 921 616 Michahl
932 551 1095 617 Alfordus
1111 562 1233 618 nostrae

129 659 329 736 Societatis,
344 658 378 720 in
393 677 433 722 eo
448 658 547 733 libro,
573 676 675 739 quern
703 655 746 718 de
772 655 883 733 Lucii,
903 654 1060 734 Helenae,
1085 664 1121 721 et
1146 656 1235 722 Con·

131 747 273 827 stantiui
289 759 407 824 Patria
426 767 459 823 et
483 758 567 823 Fide
591 758 741 839 scripsit,
761 758 957 840 scriptorum
973 763 1043 821 tnm
1059 757 1234 837 Italorum,
1310 782 1313 788 ’

131 874 202 932 tum
218 866 453 949 Hispanorum
468 871 501 928 et
517 864 710 946 Belgarum,
732 869 804 925 tum
828 860 1085 941 Germanorum,
1102 883 1164 928 seu
1180 885 1235 928 ve·

132 978 266 1047 terum,
286 989 348 1033 seu
371 969 604 1046 recentiorum,
627 966 762 1029 omnino
794 966 1005 1049 septuaginta
1035 966 1237 1031 anctoritate

134 1074 322 1139 confirmat.
369 1069 457 1149 Quae
474 1073 503 1135 si
521 1071 663 1135 valuerit
678 1071 804 1152 opinio,
821 1070 876 1133 cui
893 1070 1044 1150 profecto
1060 1069 1173 1134 sanare
1191 1072 1237 1135 vi·

135 1177 253 1241 denitur
268 1173 478 1257 Panegyrici,
503 1174 560 1237 ubi
577 1179 646 1237 tam
661 1172 778 1236 crebra
792 1177 930 1256 tamque
954 1171 1141 1237 honorifica
1163 1174 1238 1238 Bri·

136 1280 328 1346 tanniarum
346 1278 470 1340 mentio
492 1283 556 1354 est,
573 1282 691 1340 contra
712 1294 792 1340 vero
817 1280 907 1339 tanta
934 1274 1067 1340 Graecae
1091 1275 1238 1342 levitatis

136 1379 365 1467 exprobratio,
389 1377 564 1443 dicendum
580 1378 748 1442 Helenam
770 1377 872 1442 Coelli
894 1378 1137 1442 Britanniamrn
1152 1382 1240 1463 regis

137 1485 244 1557 tiliam
260 1501 347 1545 anno
363 1481 486 1547 Christi
504 1498 676 1545 ccxcvii.
691 1489 805 1545 natam
820 1482 944 1545 foisse:
968 1481 1042 1565 ojus
1056 1484 1191 1567 nuptias
1206 1483 1240 1547 in

139 1582 327 1651 Britanniis
354 1602 443 1648 anno
469 1583 594 1649 Christi
619 1599 779 1647 cccxxi.
804 1584 1002 1663 celebratas,
1019 1606 1095 1650 cum
1122 1587 1166 1650 ad
1183 1604 1241 1669 pa·

140 1690 286 1754 candum
301 1687 388 1751 hanc
405 1688 609 1771 provinciam
624 1687 667 1750 ah
681 1682 862 1751 Aureliano
877 1688 999 1752 missus
1011 1695 1063 1751 est
1076 1687 1241 1753 Constan-

107 1817 110 1824 ·
141 1795 229 1860 tius:
255 1791 382 1856 vixisse
396 1792 431 1855 in
450 1810 581 1854 summa
603 1790 811 1872 integritatis,
826 1790 974 1874 pietatis,
997 1798 1033 1855 et
1055 1792 1242 1869 modestiae,

140 1903 241 1980 atque
273 1895 364 1958 omni
390 1891 588 1958 Christianae
614 1893 745 1957 virtutis
776 1892 900 1959 laude:
940 1891 1096 1957 Nicaenae
1123 1893 1242 1977 synodi

141 1996 384 2083 temporebus
405 2001 458 2060 est
480 2015 534 2060 an.
550 1995 672 2061 Christi
694 2012 863 2061 cccxxv,
879 1997 912 2059 in
929 1995 1151 2060 Palaestinam
1169 2016 1243 2078 pro·

141 2103 277 2180 sentam,
289 2119 329 2164 ac
342 2104 471 2182 reperta
480 2099 633 2181 sequenti
645 2117 731 2162 anno
743 2097 988 2182 Hierosolymis
1000 2097 1123 2163 Christi
1136 2118 1244 2176 cruce,

142 2210 224 2290 post
237 2203 354 2269 relicta
368 2202 416 2266 ibi
433 2202 572 2285 pietatis
586 2221 658 2268 suae
673 2210 888 2266 monumenta
902 2200 1019 2279 multa,
1031 2200 1178 2266 Romam
1195 2220 1244 2265 re-

142 2308 260 2385 diisse,
286 2305 490 2388 tandemque
512 2324 600 2369 anno
622 2305 749 2371 Christi
773 2319 975 2368 cccxxvrr.
1005 2305 1091 2368 inter
1117 2304 1177 2369 filii
1204 2324 1245 2369 ac

142 2420 308 2497 nepotum
323 2409 533 2493 complexus,
551 2426 619 2474 xv,
635 2409 714 2475 Kal.
730 2410 825 2493 Sept.
843 2411 1091 2492 octogenariam
1106 2410 1235 2474 obiisse

142 2514 231 2587 Eam
247 2527 269 2579 a¹
285 2512 356 2577 filio
369 2513 404 2577 in
429 2513 581 2578 Basilica
597 2513 660 2578 SS.
679 2513 869 2597 Martyrum
890 2513 1082 2578 Marcellini
1098 2521 1132 2577 et
1154 2512 1246 2577 Petri

143 2619 201 2691 ria
225 2615 399 2682 Lavicana
421 2615 596 2696 magnifiee
625 2616 789 2700 sepultam
816 2617 911 2680 refert
939 2615 1065 2681 Euseh.
1095 2615 1138 2679 de
1165 2616 1248 2680 Vita

144 2719 265 2786 const.
283 2733 340 2781 111.
356 2716 411 2783 46.
426 2718 479 2780 47.
495 2717 550 2781 60.
595 2716 679 2801 Ejus
693 2721 829 2783 virtutes
855 2721 898 2783 ah
921 2719 1083 2783 Historiae
1099 2719 1246 2784 Ecclesi-

140 2823 265 2891 asticae
281 2819 501 2904 scriptoribus
518 2820 695 2903 plurimum
711 2822 992 2887 commendantur.

147 2968 210 3036 ·A.
228 2968 272 3035 U.
287 2968 327 3034 G.
346 2981 537 3032 nxxxvn.
569 2965 695 3032 Christi
711 2973 930 3034 cccxxxiv.
962 2969 1077 3036 Carini
1103 2968 1191 3055 Aug.
1210 2985 1233 3034 r.

497 3070 614 3136 Const.
632 3071 737 3136 AEtat.
757 3089 902 3137 xxx1v.

147 3192 150 3197 ’
191 3189 416 3256 Constantius
431 3198 557 3274 praetor
572 3192 726 3276 primurn,
743 3195 824 3257 exin
840 3194 1004 3272 tribunus,
1025 3201 1143 3279 postea
1162 3215 1248 3279 prae·

144 3310 201 3360 ses
230 3287 476 3358 Dalmatiarum
505 3291 579 3369 fnit,
611 3295 722 3379 inquit
751 3293 885 3360 Valesii
914 3297 1125 3383 Anonymns.
1171 3297 1250 3376 Quo

146 3405 300 3482 tempore
316 3395 382 3461 duo
399 3397 514 3481 priora
529 3416 665 3461 munera
680 3401 821 3480 gesserit
836 3398 996 3465 incertum
1013 3407 1077 3465 est.
1116 3402 1252 3466 Postre-

145 3517 205 3564 mo
221 3505 310 3564 certe
325 3505 417 3564 tanta
432 3518 509 3563 cum
525 3498 626 3563 laude
642 3500 705 3563 suh
722 3498 846 3565 Carino
858 3501 994 3567 ‘functus'
1018 3511 1081 3582 est,
1098 3512 1132 3568 ut
1148 3504 1250 3586 impe·

146 3600 250 3679 rato'r,
266 3602 479 3685 quantumvis
499 3607 616 3666 natura
632 3603 742 3685 ferox,
766 3604 807 3668 de
823 3625 864 3668 eo
880 3606 945 3669 sihi
967 3606 1177 3688 subrogando
1194 3593 1257 3669 coss

147 3703 293 3788 gitaret:
316 3702 404 3786 qnod
429 3723 540 3780 nemo,
564 3705 672 3789 inquit
687 3705 870 3790 ,Vopiscus
893 3709 926 3770 in
950 3707 1083 3784 Carino,
1100 3714 1178 3772 tunc
1203 3706 1252 3770 vir

148 3794 271 3872 melior
286 3805 355 3890 ipsi
373 3805 547 3871 videretur.

152 4014 156 4019 .
204 3954 251 4020 A.
268 3953 314 4020 U.
324 3954 363 4020 C.
380 3972 518 4020 nxnrv.
550 3956 674 4024 Christi
689 3975 815 4024 ooxcl.
846 3943 995 4028 Dioclet.
1012 3961 1100 4044 Imp.
1119 3975 1199 4024 vui.

326 4057 470 4122 Maxim.
487 4059 577 4144 Imp.
597 4078 661 4124 vn.
678 4061 857 4128 Constant.
875 4065 981 4128 AEtat.
998 4080 1080 4126 xor.

195 4175 321 4262 Neque
337 4178 465 4246 minore
481 4180 515 4244 in
531 4180 641 4264 pretio
656 4180 746 4265 apud
762 4183 1010 4287 Diocletianum
1027 4189 1061 4245 et
1075 4181 1257 4249 Maximia-
