2730 4726
342 305 579 358 oousrsuuro
604 303 764 354 cessar.
803 306 837 353 v.
850 287 904 355 17.
1079 289 1165 371 1297

69 476 188 524 cruore
211 453 350 534 foedata,
364 459 398 519 et
416 455 452 519 in
472 453 624 518 diversos
642 451 731 516 situs
746 454 880 527 tracta,q
902 448 1002 516 sicuti
1017 448 1165 516 dolorem

69 560 242 626 vulnerum
264 557 394 623 fuerent
414 561 539 634 secuta,
554 555 753 639 jacuerunt;
777 561 879 637 atque
901 552 987 618 inter
1008 552 1070 618 hos
1091 555 1168 638 ipse

70 660 271 739 vexillarius
296 659 474 739 latrocinii,
501 659 595 724 cultu
618 659 698 737 illo,r
725 677 824 741 quem
848 657 947 723 vivus
971 657 1169 735 violaverat,

67 769 193 847 sponte
214 763 381 849 deposito,
403 770 438 828 et
459 762 521 828 vix
542 761 641 826 unius
664 760 838 826 velaminis
859 767 1008 844 repertus
1031 758 1169 825 indicio.

71 869 102 932 5.
124 865 224 931 Adeo
244 885 357 930 verum
378 864 445 931 sibi
465 864 598 930 dixerat
617 869 722 930 morte
741 862 882 940 vicina,e
900 868 940 927 ut
957 861 1170 927 intersectum

73 988 110 1051 se
127 969 233 1033 nollet
247 969 399 1051 agnosci.

73 1136 76 1140 ,
115 1070 208 1136 Cer.
231 1086 330 1134 xvrr.
365 1072 397 1135 1.
420 1068 745 1149 Enimvero„Ceesar
764 1068 901 1146 invicte,
916 1072 1006 1132 tanto
1023 1066 1171 1135 Deorum

72 1173 312 1239 immortalium
337 1172 399 1239 tibi
423 1176 477 1237 est
501 1172 638 1237 addicta
658 1190 828 1237 consensu
851 1170 1001 1235 omnium
1022 1169 1171 1255 quidem,

74 1295 159 1359 quos
190 1275 329 1340 adortus
358 1274 474 1355 fueris,
504 1274 662 1350 hostium,
695 1274 755 1339 sed
788 1273 960 1358 praecipue
991 1273 1172 1339 internecio

75 1377 287 1455 Francorum,
300 1384 340 1442 ut
361 1378 411 1442 illi
433 1398 569 1462 qnoque
590 1378 713 1443 milites
733 1377 851 1455 vestri,
867 1378 926 1460 qui
949 1395 1010 1460 per
1031 1395 1171 1440 errorem

74 1481 241 1565 nebulosi,
262 1484 300 1545 ut
321 1481 423 1564 paulo
446 1487 521 1546 ante
540 1479 626 1559 dixi,
639 1480 741 1545 maris
761 1478 939 1563 abjuncti}
954 1478 997 1544 ad
1012 1478 1174 1563 oppidum

76 1582 321 1649 Londinieuse³
334 1588 558 1667 pervenerant,
571 1579 734 1667 quicquid
748 1601 794 1646 ex
808 1580 1012 1645 mercenarie
1021 1580 1080 1644 illa
1090 1581 1176 1645 mul·

76 1679 220 1750 titudine
237 1686 453 1750 barbarorum
474 1685 594 1769 praelio
610 1683 831 1768 superfuerat,
847 1703 934 1761 cum,
950 1682 1080 1767 direpta
1094 1683 1174 1747 civi·

76 1794 158 1866 tate,
177 1787 289 1868 fugam
309 1805 483 1871 capessere
505 1786 699 1869 cogitarent,
718 1786 847 1869 passim
868 1791 940 1850 tota
960 1786 1043 1849 urbe
1065 1786 1175 1850 confe-

77 1889 204 1970 cerint;
226 1894 260 1953 et
277 1907 343 1954 non
363 1889 469 1954 solam
489 1888 754 1972 provincialibus
774 1888 897 1953 vestris
913 1888 948 1952 in
963 1887 1057 1953 caede
1071 1885 1176 1953 hosti·

78 2011 134 2056 um
149 1989 303 2055 dederint
315 1991 472 2070 salutem,
488 1989 549 2055 sed
566 1990 668 2054 etiam
682 1990 718 2054 in
732 1992 931 2074 spectaculo
946 1990 1178 2076 voluptatem*

107 2150 122 2185 s
139 2140 182 2191 ltu
190 2146 346 2204 presenserat
356 2140 402 2190 sibi
413 2145 511 2191 mortem
521 2140 652 2191 imminere.

109 2205 124 2239 t
142 2207 193 2264 Qui
203 2207 341 2257 adunantes
349 2213 446 2271 propter
462 2207 558 2257 aeduos
568 2221 581 2255 e
595 2205 659 2256 muri
669 2211 824 2273 erumpentes.

503 2338 506 2345 ⁴
537 2333 719 2356 ‘numento

78 2431 293 2478 resemblance.
307 2428 412 2490 privem.
435 2426 541 2491 Cuspis.
551 2427 669 2477 Rhenes.
679 2428 764 2477 Livio.
783 2428 874 2491 Stepb.
884 2427 946 2479 sitas
956 2432 1047 2479 structa
1053 2445 1064 2488 ,·
1091 2427 1179 2478 Moeri·

79 2491 405 2552 ctorrd·s.snucstrcta;
429 2493 676 2558 Vet.Bertiu·situs
691 2499 777 2543 tracto.
808 2496 883 2558 Mox,
892 2495 973 2546 utoix
984 2494 1098 2559 Guelpb.
1125 2495 1179 2544 Pro

77 2558 212 2616 velaminis,
223 2557 292 2621 quod
303 2559 376 2606 obest
387 2559 414 2606 in
425 2558 528 2607 Bertin.
539 2558 623 2607 Livio.
636 2558 704 2622 conj.
714 2561 752 2609 cel
761 2561 868 2610 ulterius.

112 2624 181 2674 cre.
193 2636 266 2672 xvir.
288 2626 303 2671 1
315 2623 385 2673 Gud.
396 2624 505 2687 Cuspin.
517 2623 609 2686 steph.
621 2625 707 2673 Rivin.
720 2630 803 2683 tuntc;
821 2628 855 2674 el.
865 2631 943 2675 tanto.
969 2627 1029 2675 Vct.
1041 2623 1124 2674 Lirin.
1134 2623 1181 2672 tibi

78 2695 114 2737 est
125 2689 219 2739 additu.
252 2687 319 2736 Edd.
330 2693 395 2736 vett.
412 2703 524 2738 cocunea
542 2689 643 2738 uictoria
661 2690 781 2748 omniunt,-
795 2692 840 2738 sed
861 2692 924 2740 illud
943 2691 1044 2739 obteris
1061 2691 1136 2737 deest
1153 2690 1180 2738 in

79 2750 145 2803 Vct.
156 2753 268 2801 Putean.
279 2751 349 2802 uuo.
359 2753 445 2802 Moerl.
459 2762 486 2803 et
497 2752 648 2818 edingen
667 2755 740 2808 Mox,
752 2756 907 2807 Rittersbus.
922 2756 985 2818 legit
995 2765 1024 2806 et
1035 2754 1182 2816 distinguit,

80 2818 196 2876 omnium,
206 2833 263 2880 quos
273 2819 366 2880 quidem
372 2819 470 2868 adortus
478 2818 570 2879 saeris,
581 2819 694 2869 bostium.
717 2819 785 2869 Edd.
797 2827 862 2870 vett.
872 2821 1003 2882 interjectio
1016 2821 1181 2878 Francorum

81 2887 116 2933 al.
126 2881 262 2941 interfectio
269 2897 279 2941 ς
295 2884 356 2932 Vet.
368 2885 480 2934 Putean.
489 2885 590 2932 Berlin.
600 2884 667 2933 Esc.
677 2885 759 2948 Laug.
771 2886 878 2949 cnspin.
889 2886 1001 2947 Guelph.
1013 2893 1040 2934 et
1050 2885 1108 2934 edd.
1121 2892 1182 2949 post

81 2947 320 2998 Grutinterneetio.
353 2950 427 3006 Mox,
445 2954 469 2998 et
488 2950 526 2999 ilii
537 2949 646 3012 Cuspin.
664 2949 784 2999 Rhenus.
804 2952 894 3015 Steplr.
917 2957 944 3000 ut
955 2952 993 3000 tui
1004 2952 1067 3000 Vct.
1078 2950 1182 3001 Bertiu.

80 3015 148 3089 Enc.
160 3013 240 3076 Lang.
261 3013 365 3073 cliuum
381 3013 496 3077 Guelph.
523 3014 683 3064 Londinicnse
694 3015 754 3065 cdd.
780 3016 935 3067 Londunense
945 3017 1007 3076 Vei.
1019 3016 1101 3066 Lirin.
1117 3017 1182 3065 Lon·

21 3104 24 3109 <
80 3081 182 3128 mense
201 3078 302 3127 Bertiu.
331 3078 492 3129 Londonicnse
503 3079 591 3128 Moerl.
604 3079 712 3130 etGud.
739 3079 888 3133 Londinense
906 3083 1023 3132 Petarol.
1048 3080 1114 3144 pueri
1131 3087 1183 3132 totu

79 3144 139 3194 urbe
150 3142 264 3205 Guelph.
288 3142 438 3203 confecerunt
451 3178 458 3194 .
470 3178 477 3192 .
490 3178 497 3194 .
509 3145 624 3194 dederunt
636 3145 753 3195 Rhenum
767 3146 851 3197 Lirin.
862 3150 952 3212 Steplr.
979 3147 1121 3207 confecerint
1135 3179 1142 3196 .
1154 3178 1161 3194 .
1174 3178 1182 3196 .

80 3209 191 3259 dederint
202 3209 267 3259 Exc.
284 3210 364 3274 Laog.
383 3209 497 3260 Puteeu.
513 3210 621 3276 Cuspio.
632 3211 719 3262 Moerl.
746 3217 770 3262 et
784 3227 831 3262 non
849 3216 924 3263 sotum
938 3214 1039 3262 Bertiu.
1057 3213 1183 3276 probante

579 3342 687 3394 NOTAE

82 3435 225 3496 Maximus,
244 3452 275 3487 cc
296 3443 323 3488 te
341 3443 401 3502 post
418 3445 492 3503 terge
511 3453 614 3504 respec·
688 3441 849 3506 fumetur]
867 3440 959 3505 Regio.

83 3522 143 3564 tens
156 3513 181 3562 iu
193 3514 297 3563 modum
308 3516 415 3565 ementis
428 3515 568 3566 evolabat!
689 3523 698 3550 ⁸
713 3518 884 3582 lundiniense]
901 3516 1045 3568 Londinunr
1067 3515 1128 3565 urbs
1144 3519 1185 3565 est

117 3599 132 3634 ‘r'
145 3591 176 3639 In
186 3592 290 3658 dincrsos
300 3593 361 3641 situs
371 3593 463 3656 tractu]
482 3592 535 3642 Alii
545 3594 616 3644 humi
657 3594 821 3658 amplissima,
833 3596 913 3644 totius
928 3594 1031 3658 Angue
1043 3598 1132 3657 caput,
1151 3591 1184 3642 erl

82 3669 212 3733 resupini,
229 3669 272 3718 elii
284 3669 372 3719 cubito
385 3670 563 3722 incumbentes
575 3686 615 3722 re·
655 3670 782 3720 Tamesim
793 3669 907 3735 fluvium,
915 3673 1057 3737 emporium
1068 3667 1184 3719 celeber·

85 3745 157 3809 perti
169 3750 238 3802 sunt,
250 3744 306 3794 eliis
318 3760 389 3795 arma
408 3762 422 3796 e
442 3746 560 3796 manibus
571 3761 616 3797 ex·
656 3748 758 3796 simum.

84 3820 221 3885 cidebunt‚
231 3824 299 3872 &c.‘
310 3822 355 3871 Illi
366 3823 461 3872 mutilis
473 3824 617 3889 excisisque
688 3824 698 3857 i
714 3824 744 3872 In
752 3827 883 3888 spectaculo
891 3824 1047 3888 voluptutem]
1056 3822 1108 3871 Seu
1117 3821 1185 3887 quod

84 3899 226 3956 memorius
234 3905 264 3948 ut
274 3899 354 3948 habet
362 3901 476 3950 Pacatus
484 3903 508 3951 iu
519 3901 617 3952 Theod.
660 3908 761 3964 gratum
780 3910 848 3952 esset
867 3902 991 3952 barbaros
1008 3902 1064 3950 illos
1083 3900 1187 3962 intueri,

86 3976 186 4040 Paneg.
202 3976 318 4040 ‘relique
330 3977 369 4026 sui
387 3983 463 4042 parte
474 3976 619 4044 fugiebant,
659 3993 722 4044 quos
735 3980 864 4037 vicissent,
873 3994 919 4028 seu
931 3978 999 4042 quod
1012 3977 1037 4025 in
1057 3977 1187 4027 theatrum

85 4054 114 4104 bi
137 4054 254 4103 dolorem
273 4053 407 4104 vulnerum
433 4054 618 4120 sequebantur,
658 4057 863 4119 producerentur
890 4055 921 4106 ad
949 4052 1049 4106 edenda
1082 4061 1185 4119 spectr-
1211 4117 1213 4121 ⁷

85 4131 131 4179 isti
141 4136 236 4179 mortes
252 4136 373 4192 receptas
393 4131 418 4179 in
436 4132 521 4196 sylvas
533 4124 561 4182 et
571 4129 618 4181 flu-
658 4135 725 4184 orris.

86 4203 339 4258 minsdeterebant!

152 4287 241 4350 Deipb.
251 4292 275 4337 ct
289 4287 346 4339 Ver.
358 4288 421 4338 Cius.
568 4291 660 4354 Poneg·
670 4291 724 4343 Vct.
1060 4296 1076 4342 4
1094 4293 1120 4344 Ν
