2730 4726
1 190 3 206 μ
129 198 222 336 m
513 281 551 328 H·
572 280 838 361 JadRN'l'leNll

131 429 213 494 dum
228 427 377 507 eruditis,
394 425 455 492 sed
466 425 572 510 justo,
588 425 618 489 si
634 445 745 490 verum
761 425 877 505 fatear,
892 425 1110 508 longioribus.
1141 424 1232 491 Cum

130 550 211 597 vero
226 530 373 614 reliquos
389 529 424 593 in
440 529 531 593 aliud
547 533 678 612 tempus
694 528 888 613 seposuisse
902 529 1132 613 Panegyricos
1147 529 1235 592 mibi

131 633 311 708 videretur,
332 650 440 715 neque
460 630 569 694 adhuc
591 631 627 693 in
646 649 765 694 manus
785 630 955 694 homiuum
976 631 1020 695 cl.
1037 630 1235 712 Wolsgangi

130 735 269 819 Jaegeri,
292 733 523 820 Philosophiae
543 732 578 796 in
602 730 789 796 Academia
803 730 990 797 Altdorfina
1004 730 1234 809 Professoris,

131 838 342 923 pervenisset
355 836 473 914 editio,
487 836 602 919 ampla
616 854 732 898 corum
747 855 843 917 seges
858 840 1042 919 supererat,
1054 835 1088 898 in
1104 833 1234 916 quibus

131 940 256 1024 ingenii
272 941 358 1005 vires
374 938 531 1022 experiri,
543 944 579 1003 et
592 938 679 1002 locis
693 938 903 1003 librariorum
914 936 1097 1020 praesertim
1110 935 1236 1000 inertia

130 1044 367 1111 laborantibus
383 1040 543 1125 opitulari
562 1041 687 1105 liceret.
731 1039 851 1106 'Palam
866 1039 951 1103 hauc
968 1037 1033 1102 sibi
1049 1042 1233 1121 pertexen-

131 1146 210 1211 dam
230 1149 394 1208 sumserat
412 1141 493 1207 olim
512 1142 547 1204 in
567 1141 774 1207 Praefatione
797 1141 840 1208 ad
864 1142 968 1207 Plinii
983 1139 1234 1223 Panegyricum

131 1252 229 1333 pater
242 1265 349 1323 meus,
362 1244 532 1328 fidemque
553 1244 668 1309 datam
687 1244 722 1308 iu
745 1244 876 1309 Pacato
891 1244 1020 1308 solvere
1035 1242 1159 1325 coepit;
1183 1261 1232 1306 re·

130 1350 257 1433 liquam
273 1366 369 1431 spem
384 1359 489 1410 morte
507 1347 666 1430 pervertit
687 1348 717 1412 is
740 1367 859 1426 annus,
874 1347 933 1431 qui
951 1347 1056 1429 ipsius
1071 1363 1233 1422 amorem,

132 1458 168 1516 et
183 1469 296 1515 curam
312 1448 393 1512 mihi
407 1448 539 1532 eripuit,
556 1448 622 1527 cui,
639 1449 706 1513 etsi
727 1469 790 1513 nou
811 1469 937 1534 parem,
953 1467 1015 1532 pro
1031 1466 1104 1510 meo
1119 1450 1234 1510 tamen

132 1551 247 1619 studio
261 1550 405 1615 debitam
423 1569 557 1633 semper
571 1551 790 1634 meritamque
815 1552 935 1615 referre
956 1552 1097 1632 gratiam
1119 1548 1232 1633 pietas

128 1653 236 1740 jubet·
268 1650 352 1716 Cum
369 1670 446 1717 vero
462 1651 496 1716 in
512 1652 622 1735 ipsius
636 1652 920 1717 commentariolis
935 1653 1016 1716 nihil
1031 1653 1234 1717 invenissem

133 1757 355 1831 elaboratum,
376 1759 434 1818 aut
453 1755 652 1839 perlectum,
674 1754 763 1840 quod
786 1754 886 1839 hujus
909 1760 1000 1819 esset
1021 1774 1132 1837 operae
1154 1772 1232 1837 pro-

131 1859 256 1944 prium,
280 1857 339 1922 sed
360 1864 490 1922 tautum
512 1858 680 1940 ascriptas
705 1856 760 1922 ed.
782 1856 981 1921 Cellarianae
1008 1855 1233 1939 conjecturas,

130 1961 275 2045 locaque
288 1979 415 2037 eorum,
424 1959 484 2043 qui
499 1960 645 2042 sparsim
661 1959 704 2024 ad
719 1959 782 2023 hos
792 1957 962 2023 Rhetoras
978 1954 1058 2040 quid
1074 1958 1234 2022 contulis-

132 2070 219 2139 sent,
235 2063 364 2143 nescio,
382 2064 440 2146 qui
463 2062 589 2127 factum
607 2062 719 2141 suerit,
736 2067 774 2126 ut
797 2063 871 2145 ipse
896 2079 1030 2124 manum
1051 2059 1233 2126 admovere

133 2166 306 2251 coeperim,
319 2184 361 2229 eo
373 2164 506 2249 quidem
520 2183 691 2251 successu,
701 2171 741 2229 ut
755 2162 799 2229 ad
815 2182 894 2247 pag.
905 2163 958 2227 29.
976 2162 1049 2246 jam
1065 2164 1234 2246 perrexis-

133 2274 187 2332 set
209 2264 446 2350 typographus,
462 2283 541 2329 cum
561 2284 647 2329 anuo
662 2265 758 2329 1774.
772 2263 796 2328 J
800 2264 868 2327 uris
891 2263 925 2326 in
945 2263 1065 2328 illustri
1083 2264 1233 2330 civitatis

5 2387 9 2393 ’
134 2363 501 2448 maringo-Omanae
515 2363 704 2430 Academia
719 2364 864 2443 docendi
881 2365 1056 2449 provincia
1069 2365 1150 2429 mibi
1173 2367 1233 2431 ob·

133 2468 285 2550 tingeret,
299 2467 334 2530 in
349 2460 508 2550 quacum
525 2466 569 2531 ad
590 2466 668 2543 alia,
693 2473 729 2531 et
751 2467 794 2531 ab
815 2466 881 2531 hoo
907 2464 1090 2531 studiorum
1112 2486 1234 2550 genere

132 2575 272 2647 remota,
284 2587 339 2632 me
354 2569 462 2650 magis
477 2569 669 2646 conferrem,
681 2588 812 2634 omnem
828 2568 929 2653 hujus
944 2570 1056 2652 operis
1068 2566 1234 2635 curam'in

133 2672 212 2755 ipso
227 2671 317 2737 velut
332 2678 431 2755 partu
447 2673 601 2757 abjicere,
615 2673 823 2756 aliorumque
834 2671 965 2736 auxilio
981 2671 1171 2755 relinquere
1188 2691 1235 2738 ex

133 2791 170 2838 re
194 2792 270 2837 mea
290 2772 372 2837 mihi
393 2774 566 2857 antiquius
591 2773 778 2851 ridebatur,
804 2774 961 2856 speranti,
981 2773 1052 2838 sore
1073 2760 1234 2856 aliquem,

133 2867 193 2960 qui
207 2874 330 2960 majori
345 2877 427 2954 otio,
437 2883 471 2942 et
486 2875 620 2960 ingenio
635 2876 815 2941 maturiore
828 2893 928 2958 opem
943 2875 1081 2940 afferret.
1112 2874 1235 2959 Neque

133 2996 215 3061 spes
230 2996 284 3041 me
299 2977 475 3058 destituit3
490 2979 521 3042 is
536 2979 625 3043 enim
640 2984 713 3045 erat
727 2978 769 3044 el.
781 2978 805 3042 J
807 2998 951 3061 segerus,
963 2979 1118 3044 omnibus
1134 2999 1235 3046 accu-

133 3084 215 3144 ratae
245 3078 406 3144 doctrinae
436 3079 548 3162 copiis
578 3079 731 3161 affluens,
759 3099 836 3145 cum
866 3100 955 3147 anno
981 3083 1078 3147 1779.
1102 3084 1235 3150 duobus

133 3180 370 3256 voluminibus,
386 3179 496 3245 forma
518 3182 738 3264 octuplicata,
754 3181 820 3247 hos
841 3182 1072 3268 Panegyricos
1094 3184 1236 3265 feliciter

135 3279 317 3346 admodum
347 3281 383 3344 in
412 3282 523 3348 lucem
554 3283 739 3366 protulerit,
771 3283 846 3349 cod.
876 3285 1069 3364 Schwarzii,
1095 3288 1236 3353 iisdem·

134 3401 201 3468 que
236 3401 281 3446 ex
319 3381 480 3449 Gudiauo
510 3386 695 3470 excerptis,
721 3406 800 3472 quae
830 3408 936 3472 penes
963 3409 1015 3453 me
1044 3393 1234 3472 servabam,

134 3484 285 3567 adjutus·
322 3484 379 3550 Ita
394 3485 477 3565 nihil
490 3492 570 3565 erat,
580 3486 614 3552 iu
631 3508 698 3571 quo
710 3509 797 3568 mea,
810 3492 1117 3578 quantulacumque
1129 3503 1235 3575 esset,-

134 3603 236 3670 opera
250 3586 357 3651 locari
373 3588 521 3671 amplius
537 3609 641 3673 posse
656 3591 834 3657 rideretur.
861 3593 988 3678 Lapsis
1000 3597 1049 3660 ita
1060 3598 1116 3661 14.
1129 3599 1235 3676 anuis,

134 3694 248 3753 tamen
262 3690 386 3768 evenit,
403 3691 492 3774 quod
508 3692 657 3758 futurum
671 3714 737 3759 non
754 3695 965 3781 suspicabar.
1008 3696 1235 3784 Typographo

133 3790 232 3866 enim,
249 3790 346 3875 cujus
362 3799 475 3858 sumtu
491 3795 618 3879 priores
639 3797 721 3876 illae,
738 3798 779 3862 de
795 3800 917 3882 quibus
932 3799 1016 3878 dixi,
1030 3800 1165 3884 paginae
1180 3809 1235 3886 ty·

83 3912 86 3918 ·
133 3893 188 3977 pis
203 3899 317 3959 esseut
332 3913 481 3976 excusae,
497 3906 640 3977 mortuo,
659 3919 736 3965 cum
754 3902 813 3967 alii
832 3902 990 3967 emtionis
1010 3903 1112 3969 titulo
1133 3924 1234 3970 omne

134 3994 202 4058 sibi
220 3995 279 4078 jus
307 4007 572 4080 comparassent,
603 4002 637 4066 bi
660 4002 796 4086 quidem
822 3996 889 4067 nou
914 4003 1126 4081 destiterunt,
1152 4006 1235 4091 quin

134 4096 284 4180 quotidie
299 4099 504 4168 hortarentur
523 4103 565 4182 de
587 4105 744 4190 promissi
762 4105 829 4174 fide
846 4107 1027 4197 implenda,
1045 4108 1151 4195 iisque
1165 4128 1235 4175 non
