2730 4726
404 322 672 380 consulumue
695 325 784 375 aus.
822 324 891 375 vri.
905 310 961 376 13.
1143 283 1233 379 ram

129 471 328 563 spectaculo
341 471 426 551 dati,
440 473 617 538 saevientes
639 471 768 536 bestias
791 470 1007 535 multitudine
1029 489 1093 536 sua
1111 472 1232 556 fatiga·

128 586 213 647 runt.
258 578 291 641 4.
320 575 401 641 Hoc
430 579 496 653 est,
526 575 726 655 Imperator,
754 574 874 639 fretum
903 592 979 637 esse
1008 575 1130 640 virtute
1161 596 1233 656 sua,

84 710 86 775 5
128 690 234 767 atque
255 679 408 759 fortuua3
430 676 497 742 hoo
519 683 581 753 est,
603 694 670 741 non
695 695 814 759 paoem
836 694 946 739 emere
969 677 1151 759 parcendo,
1173 679 1234 745 sed

84 778 86 819 ³
128 785 309 851 victoriam
322 799 476 865 quaerere
490 776 721 862 provocando.

84 874 86 951 J
130 892 134 903 '
170 886 264 953 Gna.
288 899 377 949 xur.
421 884 454 947 1.
477 881 619 964 Insuper
632 882 735 946 etiam
750 879 991 964 Agrippinensi
1007 879 1128 964 pontei
1150 881 1234 947 faci·

129 991 220 1055 undo
243 988 397 1071 reliquiis
420 983 555 1049 afflictae
577 983 688 1065 gentis
712 976 868 1061 insultam
883 1001 926 1046 ne
952 1002 1102 1066 uuquam
1125 992 1234 1050 metus

129 1099 243 1179 ponat,
267 1110 401 1174 semper
428 1089 569 1167 horreat,
597 1105 730 1169 semper
757 1087 931 1169 supplices
961 1106 1080 1151 manus
1107 1088 1235 1167 tendat,

130 1216 208 1261 enm
224 1203 337 1260 tamen
351 1192 417 1257 hoo
433 1196 467 1255 tu
483 1189 590 1272 magis
604 1188 647 1253 ad
662 1189 800 1271 gloriam
817 1188 949 1271 imperii
959 1190 1020 1266 tui,
1033 1195 1067 1254 et
1081 1199 1235 1256 ornatum

129 1295 250 1363 limitis
265 1295 385 1370 facias,
401 1313 503 1379 quam
524 1292 567 1356 ad
586 1290 794 1369 facultatem,
810 1292 948 1375 quoties
965 1293 1060 1364 velis,
1074 1294 1108 1357 in
1131 1293 1234 1358 hosti·

130 1423 209 1468 uum
225 1398 437 1466 transeundi:
460 1396 586 1481 quippe
609 1414 687 1459 cum
712 1400 804 1460 totus
827 1397 962 1460 armatis
984 1397 1129 1461 navibus
1145 1397 1234 1463 Rhe

130 1525 193 1570 nus
224 1505 407 1569 instructus
430 1500 487 1573 sit,
510 1506 544 1562 et
565 1499 648 1580 ripis
671 1499 828 1562 omnibus
856 1518 966 1582 usque
996 1499 1038 1563 ad
1071 1520 1235 1565 oceanum

130 1605 322 1692 dispositus
336 1603 433 1666 miles
447 1601 632 1665 immineat.
676 1602 708 1665 2.
731 1601 801 1665 Sed
818 1602 992 1684 pulchrum
1015 1604 1076 1667 tihi
1092 1604 1236 1684 videtur,

131 1719 164 1776 et
186 1729 225 1774 re
248 1709 327 1773 uera
348 1704 609 1790 pulcherrimum
632 1711 697 1778 est,
722 1711 762 1769 ut
784 1703 927 1768 Rhenus
948 1705 1014 1785 ille,
1038 1727 1102 1771 non
1124 1709 1236 1773 solum

131 1809 363 1896 superioribus
385 1807 482 1884 locis,
502 1806 561 1870 ubi
583 1812 640 1870 aut
661 1805 838 1870 latitudine
857 1806 1016 1884 vadosus,
1037 1815 1096 1872 aut
1114 1810 1236 1874 vicinia

129 1914 232 1980 fontis
247 1911 400 1992 exiguus,
416 1908 477 1972 sed
491 1908 593 1971 etiam
607 1907 655 1970 ibi
670 1927 758 1972 novo
773 1916 876 1992 ponte
891 1907 1053 1986 calcetur,
1069 1911 1126 1973 uhi
1143 1917 1234 1975 totus
1321 1951 1323 1957 ·

131 2024 193 2095 est,
210 2014 273 2078 ubi
283 2012 356 2096 jam
371 2010 535 2095 plurimus
550 2009 665 2074 hausit
679 2029 803 2088 amnes,
820 2030 907 2094 quos
921 2011 976 2075 hic
990 2017 1104 2076 noster
1118 2014 1257 2095 iugens*

131 2118 265 2190 fluvius,
294 2121 328 2180 et
356 2114 520 2177 barbarus
551 2112 667 2192 Nicer,
691 2122 725 2177 et
756 2114 894 2178 Moenus
920 2115 1059 2192 invexit,
1079 2115 1137 2179 ubi
1162 2115 1236 2200 jam

129 2219 268 2287 immani
282 2223 396 2282 meatu
412 2216 523 2294 ferox,
533 2222 566 2280 et
581 2216 669 2281 alvei
685 2217 784 2281 unius
799 2218 977 2302 impatiens
990 2218 1024 2281 in
1036 2237 1099 2282 sua
1110 2238 1236 2290 cornua

131 2324 231 2408 gestit
254 2320 430 2386 excedere.
474 2320 507 2383 3.
529 2319 642 2384 Servit
663 2319 832 2403 profecto,
849 2318 1062 2384 Constantine
1077 2320 1237 2399 maxime,

130 2429 209 2512 ipsa
222 2443 332 2490 rerum
352 2427 471 2486 natura
493 2423 622 2487 numiui
644 2428 807 2495 tumeam
829 2427 864 2487 in
886 2423 945 2487 illa
966 2424 1133 2506 gurgitum
1158 2425 1236 2490 alti-

129 2528 249 2608 tudine
273 2529 441 2590 tantarum
469 2513 607 2588 mulium
630 2524 850 2589 fundamenta
866 2524 1049 2608 jaciuntur,
1073 2526 1174 2590 fidam
1201 2537 1237 2593 et

129 2629 288 2697 stabilem
310 2626 498 2692 firmitatem
523 2626 689 2692 habitura.
732 2629 765 2690 4.
787 2627 947 2692 Juuxerit
963 2627 1134 2710 quondam
1159 2629 1237 2694 lieet

130 2729 352 2816 Hellesponti
371 2730 546 2812 angustias
567 2731 677 2796 alasse
697 2750 853 2796 connexa
873 2720 1051 2795 Persarum
1072 2728 1151 2794 reaj
1176 2751 1235 2815 po·

592 2879 772 2904 numento

161 2987 314 3037 Cam-¹111.
331 2988 344 3032 l
359 2981 427 3033 Edd.
440 2988 505 3030 vett.
515 2986 587 3044 poete
596 2979 711 3041 saretrude
719 2996 728 3038 ,·
746 2980 930 3045 Guelplr.Vet.
942 2981 1025 3033 Lirin.
1038 2980 1146 3044 cuspin.
1156 2982 1237 3033 Grut.

131 3057 157 3100 et
168 3056 284 3100 retenta
293 3064 318 3112 p.
326 3046 454 3108 sociando.
477 3047 552 3101 Mox,
562 3046 676 3108 Guelph.
688 3052 775 3096 metum
784 3053 873 3113 ponat.
888 3080 895 3095 .
908 3082 915 3096 .
927 3083 934 3100 .
945 3063 1028 3097 muana
1038 3049 1144 3096 tendunt.
1168 3048 1238 3098 Edu.

129 3122 193 3166 aute
214 3114 294 3165 Grut.
314 3114 341 3164 ιἰι
357 3114 446 3162 hortem
464 3110 622 3168 tremendu
646 3111 707 3160 Vet.
725 3113 838 3161 Putean.
858 3113 923 3163 Ver.
945 3113 1029 3163 Livia.
1047 3113 1150 3161 Bartin.
1172 3114 1237 3163 Ere.

130 3181 276 3233 Selrouhuv.
294 3178 399 3241 Cuspln.
417 3184 445 3226 et
461 3185 574 3225 receutt.
592 3175 617 3223 ιἰι
634 3176 751 3226 lroetimm
767 3179 915 3241 transeundi,
933 3179 1060 3241 probante
1072 3178 1182 3228 Ritters.
1210 3179 1237 3228 ιἰι

129 3244 247 3295 tautam
253 3241 536 3303 transsereadr'Guelplr.
547 3245 584 3290 tot
592 3243 692 3290 armatis
700 3242 787 3291 Moerl.
804 3243 1139 3305 totirurmutirGuelph.-2
1148 3243 1237 3294 Rivin.

131 3318 157 3360 et
168 3310 231 3368 edd.
248 3315 308 3357 aute
320 3308 398 3358 Grut.
408 3308 449 3356 ard
466 3310 490 3355 et
501 3305 535 3355 ibi
542 3321 553 3364 ,·
581 3305 694 3366 Guelph.
704 3306 808 3358 Berlin.
819 3316 846 3357 et
860 3308 920 3356 edd.
932 3317 1045 3357 recentt.
1057 3308 1181 3358 sedetiam
1192 3308 1235 3358 iot.

130 3374 266 3425 ‘Pataroh
277 3373 350 3422 dedit
364 3379 389 3421 et
399 3379 473 3431 meua,
485 3369 554 3420 forte
566 3384 613 3434 pro
624 3372 721 3428 Menae,
733 3371 801 3436 quod
813 3372 895 3423 habet
909 3371 1036 3423 Rhenan.'
1046 3374 1236 3422 Araneolae.-

130 3438 246 3492 amauri.
259 3445 287 3490 et
298 3438 412 3503 Guelplr.
425 3439 548 3486 omittunt
557 3434 758 3487 utrumme-4
769 3438 800 3488 Iu
812 3437 927 3504 Guelplr.
940 3439 1026 3489 omnia
1036 3446 1096 3489 runt
1111 3441 1204 3490 omissa
1220 3446 1236 3488 ι

533 3623 535 3628 ,
629 3558 736 3610 noun

162 3657 354 3722 *Agrippinensi
361 3657 446 3722 poete]
461 3655 607 3720 Agrippina
618 3670 662 3706 oo·
735 3658 744 3703 l
759 3661 892 3710 Persarum
903 3658 960 3721 rex]
973 3658 1077 3709 Xerxen
1091 3657 1165 3706 Darii
1178 3656 1235 3721 Hy-

130 3737 199 3786 louia
220 3737 324 3796 Gologae
342 3734 402 3784 olim
423 3734 570 3798 Agrippina
580 3732 662 3783 Uhio·
703 3736 883 3798 rtaapirtilius‚
892 3736 996 3800 paterni
1006 3735 1078 3797 regni
1088 3741 1169 3800 aluere
1179 3731 1234 3781 odii

131 3826 198 3870 mm,
208 3810 362 3874 Agrippinae
380 3811 495 3860 Neronis
510 3809 599 3859 matria
618 3823 662 3873 pa·
703 3812 729 3862 in
740 3812 1066 3874 Grecosnaeresmavinm
1076 3810 1235 3870 Hellespon·

131 3889 191 3940 tria.
216 3887 288 3938 Urbs
298 3887 445 3938 Germania
456 3885 586 3937 inferioris
598 3899 661 3950 prae·
704 3895 758 3939 tum
765 3889 864 3953 junxit,
877 3895 965 3953 atque,
979 3895 1008 3936 ut
1024 3884 1141 3949 Eutropii
1153 3885 1235 3934 verbo

131 3965 276 4017 olarimlrna
286 3964 319 4014 ad
333 3965 461 4023 Rhenum,
472 3963 553 4015 libera
570 3971 597 4012 at
609 3975 663 4012 em·
704 3973 773 4025 utar,
782 3966 790 3992 ⁴
799 3962 996 4018 eontahrrlurit,'
1006 3961 1112 4025 Olymp.
1123 3964 1166 4010 ta.
1177 3961 1234 4011 He·

132 4045 256 4107 perium:
283 4042 368 4091 media
389 4042 458 4092 inter
479 4041 612 4091 Treverirn
635 4046 663 4089 et
703 4039 788 4090 rodoti
807 4042 888 4092 Diod.
906 4041 944 4092 rie
960 4039 1058 4093 lustin·
1070 4037 1234 4103 Plutarchus,

132 4119 321 4171 Menanterium
344 4118 444 4179 urbem,
464 4119 536 4183 enjus
565 4117 663 4170 arohie·
703 4120 752 4165 dre.

130 4197 253 4262 piscopur
263 4196 363 4246 elector
374 4203 413 4245 est
426 4194 538 4260 imperii.
920 4244 922 4249 ,

196 4275 285 4342 Delph.
295 4281 317 4326 et
330 4275 386 4325 Vm.
399 4275 461 4326 clar.
607 4276 702 4338 Paneg.
715 4275 770 4326 Vct.
1109 4277 1125 4322 ι
1142 4269 1167 4320 R
