2730 4726
447 330 521 388 rr..
546 339 706 390 cusunrr
732 339 901 389 rutrum.
1088 375 1090 380 .
1144 324 1231 411 1493

130 487 330 568 imbecillus,
344 506 385 551 ac
399 485 533 551 demum
545 483 713 550 Graeciam
728 483 979 560 circumcursat,
996 492 1033 550 nt
1049 487 1121 570 ipsc
1137 486 1185 552 ait
1200 487 1234 551 in

130 591 200 675 Ep.
215 591 260 655 ad
274 589 438 656 Themist.
554 603 556 606 ⁴

151 758 199 822 A.
217 757 261 822 U.
278 757 317 824 C.
334 773 440 821 novi.
472 756 600 821 Christi
616 772 768 820 occurrr.
803 710 991 822 Constantii
1005 757 1094 842 Aug.
1113 775 1212 825 xvrr.

176 893 258 958 Hoc
273 911 361 957 anno
373 892 508 970 Gallus,
524 913 585 958 seu
598 897 735 977 propter
749 892 979 976 suspicionem
995 895 1114 959 ambiti
1128 895 1233 978 impe·

129 996 186 1074 rii,
200 1016 261 1060 seu
276 1005 416 1080 propter
431 1002 578 1078 patratas
593 995 782 1060 Antiochiae
801 996 925 1074 caedes
941 1016 962 1060 a
977 995 1176 1061 Constantio
1197 998 1233 1060 in

130 1098 269 1164 Italiam
291 1117 351 1183 per
372 1099 602 1164 Domitianum
618 1099 783 1182 quendam
806 1106 980 1176 evocatus,
995 1099 1139 1182 ipsoque
1160 1100 1233 1163 Do-

130 1201 281 1279 mitiano,
308 1200 400 1285 quod
430 1199 570 1265 Gallum
601 1201 776 1282 superbius
808 1200 1057 1283 compellasset,
1087 1203 1129 1264 ab
1158 1202 1232 1286 ejus

129 1303 296 1367 militibus
313 1304 439 1381 occiso,
456 1302 579 1367 Gallus
593 1303 625 1366 in
641 1301 777 1365 Italiam
792 1301 895 1366 venit.
939 1305 988 1367 At
1003 1290 1233 1382 Constantius,

130 1406 154 1470 J
158 1405 309 1469 ulianum
325 1425 461 1489 quoque
476 1404 607 1487 imperii
624 1403 811 1486 cupiditate
824 1405 938 1469 'adhuc
960 1405 1101 1491 flagrare
1123 1410 1231 1490 suspi-

130 1515 244 1586 catus,
266 1528 325 1572 scu
350 1508 441 1592 quod
465 1508 586 1573 Gallus
612 1509 647 1571 in
671 1506 839 1572 Orientem
868 1509 1082 1593 proficiscens
1106 1510 1234 1576 Juliani

84 1682 88 1688 ᾗ
129 1610 220 1675 clam
234 1611 367 1675 visendi
380 1612 484 1693 gratia
506 1609 562 1695 (ut
582 1613 631 1675 ait
649 1611 818 1690 Socrates)
840 1611 1077 1677 Nicomediam
1094 1615 1234 1679 diverte·

128 1721 195 1790 rat,
211 1734 268 1777 seu
281 1714 374 1796 quod
387 1713 543 1778 Julianus
554 1715 590 1778 in
603 1714 721 1777 Asiam
736 1715 923 1795 demigrans
938 1714 1233 1800 Constantinopoli

128 1811 308 1881 transierat
322 1836 391 1901 quo
406 1817 537 1880 fratrem
551 1815 690 1880 Gallum
707 1817 755 1879 ihi
770 1816 911 1891 videret,
927 1821 964 1879 ut
978 1817 1090 1898 inquit
1102 1815 1231 1892 Ammi-

128 2041 234 2106 posse
249 2041 285 2085 se
300 2043 318 2087 e
332 2020 509 2086 custodum
523 2021 678 2085 manibus
696 2019 849 2101 aufugere
863 2019 1004 2099 videret,
1022 2020 1133 2085 locum
1154 2005 1232 2087 sub-x

128 2125 208 2191 inde
223 2129 432 2190 commutans
447 2125 565 2189 evasit.
610 2122 666 2188 Ita
680 2121 778 2188 refert
792 2122 960 2187 Socrates.

139 2314 196 2390 A.
213 2326 258 2391 U.
273 2326 312 2392 C.
329 2342 450 2392 ructu.
473 2323 596 2388 Christi
612 2340 760 2388 cccciv,
784 2323 974 2389 Constantii
989 2324 1078 2408 Aug.
1094 2340 1209 2390 xvrrr.

176 2455 260 2519 Post
275 2454 502 2520 Constantiam
514 2450 607 2518 Galli
622 2471 763 2516 uxorem
779 2453 814 2516 in
829 2452 990 2536 Bithynia
1001 2453 1084 2519 febri
1100 2457 1230 2521 extinc-

129 2564 214 2636 tam,
229 2578 270 2623 ac
286 2558 422 2623 Gallum
436 2556 471 2620 in
487 2555 624 2639 Illyrico
638 2556 672 2618 in
687 2555 796 2618 insula
812 2555 965 2619 Flanona
980 2548 1176 2638 peremtum,
1193 2567 1231 2623 ut

130 2664 181 2728 ait
191 2661 431 2738 Ammianus,J
433 2660 568 2724 olianus
577 2676 689 2742 parem
701 2664 824 2722 sortem
838 2659 976 2736 veritus,
988 2659 1230 2740 Mediolanum,

113 2766 191 2831 ‚uhi
217 2765 446 2842 Constantius,
469 2762 555 2826 inito
578 2781 655 2825 cum
676 2760 851 2826 Alamanis
864 2762 1023 2826 foederee
1047 2762 1231 2830 Germania

128 2887 293 2947 reversus,
319 2867 527 2943 versabatur,
553 2862 730 2929 contendit.
775 2863 904 2928 Hicin
929 2865 1097 2944 suburbio,
1116 2868 1171 2930 vel
1192 2874 1231 2933 nt

130 2971 190 3036 alii
205 2971 318 3036 volunt
330 2969 531 3045 Norocomi,
544 2968 623 3031 dum
637 2967 767 3044 lateret,
779 2965 960 3049 impetrata
974 2968 1039 3030 sihi
1053 2988 1114 3050 per
1125 2967 1231 3034 Euse-

129 3074 221 3140 hiam
235 3072 422 3155 Augustam
438 3071 531 3154 apud
558 3071 790 3153 imperatorem
815 3069 948 3134 dicendi
970 3069 1113 3142 licentia,
1128 3072 1228 3156 plane
1253 3075 1254 3078 ’
1339 3120 1344 3138 .

131 3196 171 3242 se
194 3181 325 3260 purgat.
369 3173 485 3252 Quare
513 3174 648 3237 domum
675 3173 805 3238 redibat
829 3173 944 3248 victor,
970 3177 1005 3236 et
1028 3174 1164 3256 quidem
1185 3177 1228 3240 ab

125 3266 279 3344 Eusebia
299 3277 464 3342 deductus
487 3275 678 3352 honorifice,
701 3293 778 3338 cum
798 3275 917 3338 itinere
938 3274 996 3338 illo
1019 3277 1134 3341 nescio
1160 3298 1228 3363 quo

129 3400 214 3446 casu
228 3379 402 3464 impedito,
417 3397 546 3442 rursum
563 3378 597 3441 iu
614 3375 781 3442 Graeciam
801 3378 951 3456 mittitur,
968 3397 1069 3461 quam
1091 3380 1230 3463 quidem

128 3485 369 3567 relegationem
384 3501 502 3545 omnes
516 3481 828 3564 interpretabantur.
864 3479 944 3545 Vid.
958 3480 1088 3546 Julian.
1103 3482 1169 3568 Ep.
1185 3485 1229 3550 ad

127 3587 290 3653 Themist.
305 3591 338 3649 et
352 3583 416 3667 Ep.
429 3585 472 3649 ad
485 3585 521 3648 S·
533 3585 573 3649 P.
587 3583 632 3662 Q.
647 3581 768 3649 Athen.
792 3581 872 3668 Ipse
887 3602 967 3648 vero
983 3585 1136 3650 beneficii
1151 3588 1227 3652 loco

129 3690 279 3773 idipsum
294 3687 452 3751 Eusebiae
467 3687 632 3751 referebat
640 3693 816 3769 acceptum
829 3706 838 3751 t
862 3686 945 3765 sive,
961 3694 998 3752 ut
1010 3691 1086 3772 ipse
1102 3690 1225 3768 aiebat,

130 3792 450 3866 studiorumcausa,
466 3808 527 3854 seu
543 3789 655 3871 potius
676 3788 768 3870 quod
792 3797 909 3853 averet
927 3810 1004 3853 cum
1026 3791 1168 3874 regionis
1188 3793 1226 3856 il-

127 3895 198 3961 lius
215 3893 411 3958 sacrificulis
427 3897 461 3955 et
472 3891 715 3974 impostoribus
727 3890 877 3970 derebus
889 3893 1229 3975 suiscommunicare.

88 4015 90 4021 ·
131 3996 186 4062 lta
201 3993 797 4061 Nazianz.Orat.1.inJul.Sozom.
834 3995 1015 4078 Gregorius
1040 3996 1225 4062 Nazianze-

129 4120 196 4165 nus
220 4100 395 4164 Julianum
418 4096 564 4163 Athenis
589 4099 737 4174 intuitus
761 4097 920 4178 ‘Quale'
933 4099 1054 4182 inquit,
1071 4104 1081 4134 ‘
1097 4102 1222 4166 malum

129 4202 359 4268 Romanorum
373 4206 458 4267 terra
471 4200 589 4265 nutrit!
601 4199 609 4226 ’
638 4220 701 4278 nec
710 4220 824 4268 uanus
838 4200 1006 4284 conjector
1019 4201 1094 4268 fuit.
1145 4275 1147 4278 ,
