2730 4726
409 334 677 389 cossrsrtruro
703 333 793 384 suc.
830 317 955 388 itt-ll.
1145 321 1232 387 lttr

129 486 213 554 Fuit
235 484 348 562 etism,
367 479 441 567 qui,
461 481 616 546 sublatus
638 479 673 544 in
696 479 827 544 scalas¹
849 479 994 561 invicem
1015 498 1132 559 nexas,
1155 496 1233 548 cont

129 593 303 655 currentes
315 587 443 651 eminus
455 583 540 650 vidit
555 583 738 662 exereitus,
750 589 790 646 ut
804 602 869 647 uec
885 582 1060 649 interesset
1073 584 1234 667 periculo,

128 698 164 757 et
187 689 323 758 adesset
347 689 493 754 eventui.
537 687 571 752 2.
594 686 735 769 Ignara,
759 685 904 769 inquies,
927 690 1006 749 suut
1027 686 1100 751 hese
1122 706 1236 753 exem*
1283 696 1285 701 '

128 793 209 877 pla3
230 791 292 857 sed
314 796 404 856 tuta:
435 788 638 874 graviorque
663 795 772 853 metus
798 794 849 854 est
872 787 1017 872 periculi
1044 788 1105 868 tui,
1132 809 1235 874 quam

107 908 110 909 ’
129 895 254 962 letitia
268 893 434 960 vietoriae.
476 891 511 959 3.
533 890 590 957 Au
606 910 673 955 non
687 890 757 975 ipsi
773 897 818 969 te,
834 890 936 956 caesis
950 889 1142 974 fugatisque
1157 892 1237 958 hos

131 997 238 1075 tibus,
262 995 499 1078 interfectoque
524 994 629 1059 etiam
653 993 732 1077 ipso
758 1005 870 1058 eorum
894 993 992 1071 duce,
1019 994 1180 1059 comites·
1201 988 1239 1059 et

131 1099 259 1164 tribuni
287 1098 477 1180 corripuere
505 1097 742 1181 lacrymantes,
772 1097 987 1180 amplexique
1020 1091 1111 1159 illud
1138 1101 1237 1162 tuum

133 1201 290 1266 anhelum
310 1206 443 1284 pectus,
462 1205 613 1265 cruentas
635 1218 768 1276 manus,
784 1207 820 1264 et
835 1199 998 1283 quicquid
1017 1196 1058 1262 de
1078 1199 1237 1280 sanguino

133 1302 311 1386 profundae
341 1302 447 1367 coedis
478 1307 669 1374 emerserat,
694 1301 773 1367 hinc
799 1308 900 1386 atque
923 1301 1002 1365 inde
1030 1299 1254 1365 clamarunts

133 1404 247 1485 ‘Quid
261 1422 392 1488 egeras
406 1403 620 1489 Imperatori
642 1403 677 1467 in
693 1423 771 1487 quas
786 1423 849 1468 nos
860 1403 930 1468 fate
944 1401 1158 1487 projeceras,l
1171 1402 1239 1468 nisi

134 1514 168 1574 te
191 1506 309 1571 divina
331 1505 437 1571 virtus
461 1495 764 1571 tua'vindicasset't
786 1525 863 1590 quse
887 1506 962 1571 haec
986 1513 1039 1570 est
1062 1504 1239 1588 impatien-

135 1609 213 1674 tial
233 1615 295 1673 eut
321 1628 389 1692 qno
411 1608 472 1672 tibi
498 1627 621 1673 manus
646 1615 806 1686 nostras,t
829 1609 859 1674 si
885 1627 981 1674 versa
1003 1608 1080 1673 vice
1106 1624 1239 1691 pugnas

134 1712 213 1796 ipse
238 1731 301 1794 pro
324 1709 465 1775 uobisl'
508 1712 541 1775 4.
564 1710 653 1775 Hsec
676 1728 740 1792 ego
762 1729 832 1775 non
853 1710 1014 1787 dicerem,
1039 1709 1239 1792 Imperator,

134 1832 251 1898 neque
271 1814 316 1878 ab
334 1813 412 1878 aliis
426 1812 519 1878 dicta
540 1831 768 1893 memorarem,
784 1813 862 1893 uisi,
877 1812 1043 1878 beneficio
1065 1816 1133 1875 tuse
1155 1812 1241 1876 lenia

135 1917 232 1994 tetis,
262 1915 364 1980 tutior
392 1922 486 1981 esset
513 1923 630 1982 nostra
659 1915 695 1980 in
713 1916 840 1995 verbis,
864 1936 965 2000 quam
994 1921 1053 1981 tua
1081 1913 1117 1979 in
1139 1915 1243 1980 armis
1312 2003 1314 2006 Α

136 2016 295 2084 andacia.v
337 2019 369 2084 5.
394 2018 498 2086 Nova
517 2020 606 2084 euim
622 2019 770 2103 quadam
783 2019 949 2085 varietate
970 2029 1110 2097 naturae,
1125 2016 1244 2084 conin-

137 2139 244 2203 soque
259 2119 418 2185 virtutum
439 2125 713 2204 temperamento,
729 2121 820 2186 idem
841 2141 877 2185 es
899 2128 933 2188 et
954 2124 988 2188 in
1008 2121 1136 2207 praeliis
1156 2120 1242 2185 ferm

137 2221 313 2300 eissimus,
326 2230 362 2288 et
376 2229 474 2308 parts
488 2226 666 2291 securitate
682 2225 889 2290 mitissimus.

162 2324 273 2409 noer.
297 2341 353 2392 xr.
397 2329 429 2392 1.
453 2326 537 2392 Cum
562 2329 662 2409 euim,
683 2328 764 2394 dato
788 2328 939 2394 obsessis
964 2332 1112 2414 ternpore
1134 2325 1244 2413 poeni·

139 2608 226 2660 Lirin.
238 2607 326 2661 Rivis.
339 2613 363 2658 1.
381 2614 408 2658 et
426 2608 460 2658 ni.
470 2614 537 2658 vett.
566 2609 598 2662 Δ.
608 2608 675 2660 atiud
685 2624 760 2672 egros
769 2610 832 2658 vet.
850 2609 962 2658 Puteao.
973 2608 1034 2659 Vet.
1045 2607 1128 2660 Lirin.
1139 2607 1243 2670 Bertirr,

140 2675 208 2725 Etr.
220 2674 301 2736 hog.
311 2674 400 2723 Mterl.
416 2674 496 2724 Grut.
511 2679 540 2722 et
551 2681 663 2725 recentt.
674 2683 703 2723 et
714 2675 751 2723 sic
763 2674 833 2738 conj.
845 2674 944 2723 Meors.
956 2680 983 2722 et
996 2673 1149 2723 sciunt-a
1161 2672 1246 2722 Liviu'.

139 2745 196 2790 rent
207 2739 314 2801 exerrrpln
321 2753 332 2796 ,·
349 2738 440 2802 reliqui
452 2752 551 2802 omnes,
563 2745 616 2789 sant
629 2741 679 2788 trec
694 2741 811 2802 exemplo.
844 2737 1009 2788 ‘Rotuudius
1022 2737 1113 2794 tuerit,
1123 2738 1145 2788 si
1156 2738 1246 2803 ejicis·

140 2818 198 2853 mus
210 2805 389 2864 recoluerunt
400 2801 468 2851 trac!
485 2803 613 2854 oron-tt
626 2804 734 2867 cuspin.
746 2805 864 2854 Rbensu.
875 2803 910 2853 H.
924 2803 1017 2866 Stepb.
1031 2802 1115 2852 Lirin.
1132 2804 1166 2852 nl.
1179 2809 1246 2852 vett.

140 2876 169 2918 et
181 2867 270 2917 Ririo.
284 2872 307 2917 1.
318 2867 469 2930 ipri,coert’s,·
494 2868 557 2919 Vct.
568 2869 681 2919 Putesu.
694 2870 796 2918 Bertin.
809 2869 853 2917 slii
866 2868 943 2917 codd.
954 2883 996 2931 sp.
1007 2867 1106 2930 Joeger.
1120 2864 1246 2916 cumedtl.

142 2933 223 2983 Grut.
233 2940 262 2982 et
273 2938 384 2982 recentt.
395 2932 452 2996 ipsi,
463 2937 486 2983 te
496 2935 573 2983 cocis.
607 2934 715 2983 'Insere
726 2938 769 2991 te;
788 2934 837 2982 uisi
849 2932 1000 2982 mutandum
1017 2934 1123 2981 verbum
1138 2932 1245 3003 corripu-

141 2997 200 3048 ere)
219 2996 322 3051 Acidsl.
347 2998 446 3059 sugetis
463 2998 568 3048 hostibus
578 2998 640 3048 Vet.
661 2999 745 3050 Lirin.
788 2998 842 3048 Pro
856 2997 990 3062 projeceras
1005 2997 1172 3058 Reumeouj.
1189 3009 1247 3060 pro·

134 3062 245 3124 iecisset.
277 3062 341 3111 ‘Nil
353 3060 437 3124 opus.’
448 3062 665 3113 Arete-blldd.
682 3070 750 3114 vett.
767 3062 829 3113 idem
841 3078 865 3112 es
875 3063 901 3110 is
918 3062 1025 3124 predict
1052 3063 1113 3110 Vet.
1133 3062 1246 3112 Putctttt.

141 3135 169 3205 et
186 3128 228 3178 ed.
243 3127 340 3178 cellar.
357 3129 422 3178 idem
432 3132 456 3177 st
466 3127 493 3176 irr
507 3143 534 3191 p.
560 3128 623 3178 Vct.
640 3130 724 3180 Lirin.
744 3128 847 3179 Bertin.
863 3128 950 3178 Moerl.
968 3127 1085 3178 Petarol.
1100 3127 1163 3176 idem
1180 3140 1206 3177 et
1222 3131 1247 3178 rt

143 3207 206 3256 rep.
1238 3219 1243 3231 ·

643 3271 752 3324 ΝΟΜ

143 3376 236 3439 gastus
252 3383 300 3434 per
312 3367 464 3434 Agrippam,
475 3367 590 3432 aliosque
606 3383 679 3418 exsr-
715 3368 812 3426 ructio,
824 3367 950 3434 Agrippa
963 3384 1038 3421 omne
1052 3368 1154 3421 classici
1164 3375 1248 3421 certa-

144 3449 214 3500 citns
230 3446 321 3508 duces,
332 3446 486 3510 Pompeium
505 3445 575 3496 inter
591 3446 680 3509 Mylas
715 3444 793 3496 minis
806 3445 949 3496 arbitrium.
977 3446 1066 3496 Cesar
1076 3446 1101 3496 si
1111 3447 1179 3511 perti
1191 3447 1249 3496 dct-

142 3532 173 3576 et
190 3523 354 3576 Naulochum
371 3520 516 3584 supererit,
538 3536 579 3574 an.
597 3521 630 3570 U.
649 3522 680 3572 C.
716 3522 823 3584 tinctus,
834 3521 860 3572 iu
871 3521 1248 3585 quamefortunarocsretur,

144 3606 204 3653 trs.
227 3601 318 3650 ‘Dum
340 3599 397 3662 ipse
420 3606 473 3649 tatu
494 3604 570 3648 arcto
592 3612 681 3648 somno
715 3600 810 3664 ubique
822 3599 930 3652 aderat?
960 3601 1173 3653 venetenses&

145 3677 285 3730 devinctus
303 3685 383 3737 esset,
394 3681 428 3725 'nt
446 3674 610 3725 addendum
630 3674 681 3739 sig·
748 3676 890 3727 'dubletus
906 3677 931 3727 in
947 3676 1035 3739 scotor]
1052 3678 1118 3730 Quis
1135 3677 1179 3726 ille
1191 3682 1248 3726 tau·

145 3767 208 3804 num
226 3751 259 3802 ab
276 3753 364 3801 amicis
381 3751 552 3802 excitaretur.
627 3750 682 3800 Ne·
716 3751 774 3804 dem
787 3750 879 3812 fuerit,
890 3767 1016 3818 nusquam
1028 3753 1122 3815 reperi.
1240 3741 1245 3812 ]

146 3842 199 3893 qne
212 3826 283 3893 prior
295 3825 462 3882 surrexisset,
474 3841 504 3875 sc
515 3825 640 3876 militibus
655 3827 681 3875 in
748 3834 759 3861 ⁸
776 3827 892 3891 Comiter]
909 3829 952 3878 De
972 3828 1108 3880 comitibus
1128 3840 1207 3893 supra
1224 3841 1248 3877 c.

145 3911 319 3968 conspectum
337 3901 441 3966 suisset,
458 3917 534 3966 quam
554 3918 569 3952 a
588 3904 627 3952 M.
645 3900 681 3953 Α·
716 3917 750 3955 11·
761 3910 816 3953 not.
828 3904 844 3952 ¹.
1112 3911 1114 3915 ⁴

147 3983 245 4048 gripptt
255 3974 573 4042 trgare'enenthosttum
584 3979 682 4029 neres)
750 3981 758 4015 t
772 3978 926 4044 Proiecerns]
940 3978 982 4029 Art
996 3978 1151 4042 projecissent

142 4059 256 4118 Sucton.
266 4055 336 4120 Aug.
349 4069 373 4105 c.
384 4058 424 4104 te.
452 4055 522 4105 Nam
534 4055 560 4105 in
569 4055 680 4107 Actiaco
747 4064 760 4092 ¹¹
778 4057 831 4114 Qec
849 4057 894 4106 tibi
911 4069 996 4105 meunt
1007 4054 1113 4118 andros]
1130 4053 1194 4120 Aut,
1204 4069 1250 4120 qu

146 4134 229 4191 bello.
247 4131 387 4182 ‘dextrum
403 4130 508 4180 navium
518 4131 681 4184 Juliauarum
716 4133 761 4184 tttt
771 4148 854 4184 ments
864 4135 958 4182 rostras
967 4126 1066 4195 poscit?

147 4210 190 4263 tt.
211 4207 289 4260 Lario
315 4205 490 4272 commissum,
515 4207 609 4258 laeruur
632 4208 681 4259 Ar·
