2730 4726
126 275 213 343 rant
406 290 628 341 usuanrrur
654 290 953 343 cruarnnrncus

127 436 230 501 modo
250 435 377 500 assueti
398 435 540 517 sagittis,
557 436 720 500 adversus
736 435 938 518 AEthiopasq
959 440 1112 518 quaerunt
1126 453 1236 514 arma,

129 557 206 621 quae
231 557 298 601 non
321 536 454 616 habent,
474 544 508 604 et
532 557 632 621 paene
655 537 752 602 undis
775 537 862 601 odiis
887 538 1004 619 praelia
1027 537 1236 604 internecina

128 641 344 711 committunt.

173 741 261 806 Car.
279 756 393 804 xvrrr.
421 741 454 803 l.
471 739 494 804 J
497 760 551 806 arn
564 739 605 805 de
617 739 843 823 perduellibus
859 740 1022 806 ultionem
1039 761 1108 805 non
1121 743 1236 821 armis,

128 862 195 907 non
222 844 388 919 exercitu,
416 842 550 925 capitis,
578 830 668 906 sicut
693 843 868 925 hucusque
894 843 1046 909 fecistis:
1073 842 1160 926 jam,
1186 845 1239 907 in·

129 964 241 1030 quarn,
257 944 511 1009 fortunatissimi
531 944 771 1026 imperatores,
787 944 980 1011 felicitatem
1001 945 1138 1010 vincitis
1158 947 1238 1010 soli.

128 1048 166 1136 2..
184 1047 227 1110 Et
252 1047 334 1130 quid
360 1066 507 1130 unquam
536 1045 680 1110 Romani
709 1045 889 1129 Principes
917 1045 960 1111 de'
986 1047 1237 1114 felicitate'sua

128 1149 303 1232 praedicari
333 1150 445 1215 laetius
475 1148 662 1225 audierunt,
688 1168 789 1232 quam
815 1169 891 1213 cum
920 1151 1094 1224 diceretur,
1117 1150 1236 1216 hostes

130 1253 316 1335 quiescere,
328 1253 458 1317 otiosos
472 1271 560 1328 esse,
572 1270 689 1334 pacem
707 1251 840 1330 coleret
883 1252 915 1318 3.
939 1252 988 1332 At
1002 1252 1090 1317 enim
1106 1261 1237 1336 quanto

129 1353 195 1418 hoc
218 1360 269 1418 est
292 1353 475 1418 laetabilius
496 1373 537 1418 ac
560 1354 691 1433 meliuS,
711 1354 802 1438 quod
818 1355 859 1419 de
874 1356 1097 1439 prosperitate
1113 1341 1237 1420 saeculi

120 1457 229 1519 -vestri
249 1457 398 1520 certatim
413 1457 558 1519 omnium
575 1455 743 1519 hominnm
758 1474 815 1519 ore
831 1456 1073 1530 circumfertur:
1100 1458 1238 1523 barbari

130 1556 172 1620 ad
195 1578 288 1623 arma
302 1565 510 1636 concinnunt,
525 1557 583 1621 sed
596 1544 739 1622 invicem
755 1558 965 1624 dimicaturi!
989 1558 1144 1623 vicerunt
1158 1560 1238 1624 bar·

130 1651 214 1741 bari,
236 1660 295 1725 sed
323 1663 585 1746 consanguineos
602 1679 692 1748 suos.
737 1663 770 1727 4.
792 1660 878 1727 Tam
904 1662 1096 1745 innumeros
1124 1655 1238 1742 robis,
1306 1741 1308 1743 μ

605 1839 770 1862 nocturno

131 1955 239 2018 Cuspio.
265 1956 332 2006 Vide
345 1958 420 2007 Nott.
432 1959 509 2008 Vari.
535 1959 808 2021 AEtltispesedd.rett.
833 1956 1239 2022 AEtlriopcsl⁷et.birin.sliiqne

130 2021 208 2071 codd.
220 2036 277 2070 cum
290 2024 349 2072 edd.
362 2031 472 2073 recentt.
498 2040 550 2088 quoe
559 2040 607 2074 uon
617 2025 701 2075 iubent
711 2040 777 2073 armo
789 2023 849 2073 edri.
863 2031 928 2072 vett.
956 2037 1139 2086 armoqsoenon
1148 2023 1239 2074 hicat

131 2087 192 2137 Vct,
206 2087 289 2136 Lirin.
299 2089 472 2139 Selrrraraisn.
485 2099 513 2139 et
524 2089 639 2152 Gnelplr.
667 2093 741 2146 Mox,
763 2089 1038 2139 Pareat-murmano.
1152 2142 1155 2147 ,

141 2185 145 2195 ,
165 2151 232 2202 Car.
251 2167 335 2202 xvrn.
352 2159 365 2203 1
385 2154 493 2204 ‘Codex
513 2163 600 2205 noster
617 2155 849 2214 habet,fortissimi
865 2155 1033 2214 imperotores.
1064 2153 1132 2205 Quae
1152 2153 1235 2204 lectio

131 2223 194 2270 utne
206 2217 308 2266 ridetur
324 2219 385 2267 lruic
402 2220 461 2269 ioco
480 2234 635 2282 congruere,
652 2221 675 2268 si
691 2221 858 2282 respiciamus
869 2219 976 2267 uerbum
987 2217 1092 2267 uincitis.
1125 2219 1238 2284 Cantas,

122 2281 313 2340 fortunatissimi
325 2283 429 2333 dicendi
449 2291 509 2333 siunt
524 2285 710 2348 Imperatores,
723 2287 744 2334 si
757 2287 806 2334 lroc
816 2283 923 2334 initoror
934 2283 966 2332 ad
978 2282 1237 2342 sdicitatcmsefen-

132 2361 196 2394 nius.
231 2347 339 2397 Interim
361 2350 490 2413 sequimur
512 2350 650 2399 lectionem
679 2349 826 2412 irrigatam?
849 2349 1071 2398 Samara-fl&
1090 2352 1152 2409 pud
1173 2351 1239 2400 odd·

133 2418 197 2460 urit.
226 2412 261 2461 Et
277 2412 333 2475 quid
344 2413 404 2463 Vet·
414 2415 532 2464 Putean.
542 2415 715 2465 Schwarsian.
732 2423 759 2465 st
771 2414 831 2464 edd.
844 2422 956 2464 recrutt.
981 2413 1162 2475 misequitur
1175 2417 1240 2465 Vet-

133 2476 256 2526 Livium
267 2478 333 2526 uxc.
346 2479 422 2529 Voss.
450 2480 538 2528 accusa
548 2496 599 2530 csse
612 2481 716 2532 Puteal.
727 2481 834 2543 Crispin.
848 2479 965 2529 Rhenan.
976 2479 1059 2527 Drior.
1072 2478 1154 2528 Lirin.
1168 2481 1200 2529 ii.
1209 2487 1240 2531 et

134 2541 169 2591 H.
181 2543 270 2605 Steplr.
285 2543 368 2591 Ririn.
386 2548 409 2594 l.
427 2552 453 2592 et
469 2545 501 2593 sl.
514 2553 578 2597 vett.
606 2546 692 2607 otiosos
702 2560 751 2596 esse
763 2548 824 2596 Vei.
841 2545 952 2593 Putssn.
967 2544 1026 2592 Vet.
1040 2541 1121 2592 Lirin.
1132 2544 1241 2595 Bertin.

133 2606 228 2657 Sched.
249 2608 350 2671 Langii,
369 2616 396 2658 et
417 2611 571 2672 cuspin—3
590 2611 675 2661 Codri.
692 2610 762 2662 Gud-
774 2615 797 2662 1.
813 2616 839 2660 a.
854 2608 1027 2660 Schwuraian.
1038 2617 1066 2656 et
1081 2607 1146 2657 Eur.
1158 2611 1238 2660 Voss.

131 2672 310 2723 laudabiliusoc
321 2674 411 2723 melius.
427 2676 515 2725 ‘Mira
527 2678 676 2739 corruptela
687 2676 796 2726 foedavit
808 2675 834 2724 in
845 2675 895 2722 hoe
906 2675 963 2722 loco
975 2673 1055 2722 libros
1066 2675 1241 2738 antiquiores,

131 2747 159 2786 et
171 2738 254 2799 ipsum
267 2754 369 2802 quoque
380 2739 495 2790 codicem
509 2750 632 2792 nostram.
665 2742 833 2801 Puteolanus,
845 2740 991 2792 Rhenanus,
999 2739 1154 2798 ucecensis,
1164 2740 1239 2790 lien·

40 2865 41 2868 Ἴ
133 2804 201 2852 ricius
221 2804 377 2867 Stephanus,
403 2806 531 2855 Liuineius
557 2807 796 2861 edidere,.omnium
812 2803 1083 2862 lominumcircumt'ert
1100 2803 1242 2856 Barbaria?

133 2869 238 2932 Darnis,
248 2873 289 2918 ord
300 2871 399 2919 inuicem
410 2872 549 2922 dimicaturi
558 2873 663 2922 suerunt
676 2872 780 2931 turbari,
789 2874 829 2932 irc.
847 2869 938 2918 Codex
949 2878 1037 2917 noster
1048 2867 1138 2932 habet,
1150 2870 1237 2920 Omni·

132 2948 172 2981 um
183 2933 300 2983 icaunam
310 2936 445 2994 circumfert
458 2938 567 2987 barbaria
578 2940 673 2986 domno.
707 2937 756 2986 Sed
763 2937 863 2985 inuicem
870 2934 1008 2983 dimicaturi
1016 2934 1125 2982 cicerum
1132 2934 1241 2986 iortmri.

133 2998 304 3062 cuspinianus
321 3000 411 3050 eadent
425 3002 549 3065 prodidit,
567 3003 613 3051 nisi
626 3003 692 3066 quod
706 3011 764 3064 post
776 3015 865 3050 rocem
877 3006 1035 3061 corruptam,
1050 2999 1157 3059 Darnis,
1170 3001 1239 3052 inse·

135 3063 186 3111 ruit
199 3064 304 3111 verbnm
322 3065 353 3112 ad
370 3067 523 3115 sententiam
536 3067 691 3130 explendam
704 3066 888 3126 necessarium,
899 3068 1053 3113 concurrunt.
1085 3062 1165 3112 Teste
1178 3065 1241 3129 nip·
1312 3103 1319 3118 .

134 3127 173 3176 sio
184 3128 406 3191 EpistolQuaest.
423 3143 442 3178 r.
455 3135 497 3180 22.
515 3132 623 3181 Divaens
641 3146 674 3181 ex
687 3132 803 3194 vestigiis
820 3129 974 3178 Viennensis
992 3127 1051 3176 libri
1067 3128 1182 3179 restitnit
1195 3146 1239 3180 rs·

134 3192 227 3241 riorum
241 3193 385 3242 lectionem.
418 3195 467 3244 Seri
487 3202 514 3246 et
535 3197 674 3259 Livineius,
685 3197 710 3245 in
729 3197 807 3252 notis,
824 3195 879 3243 lraec
897 3194 1013 3242 breviter
1028 3202 1236 3247 commentatur:

132 3257 286 3307 ‘Sententia
297 3258 365 3308 faede
376 3269 508 3324 corrupta,
520 3277 578 3325 quae
595 3264 620 3310 in
637 3263 666 3311 L.
680 3261 710 3326 (i.
723 3277 746 3312 e.
758 3263 785 3310 in
798 3259 885 3310 Caroli
899 3259 986 3321 Longii
999 3259 1113 3321 schedis)
1123 3260 1240 3324 integra·

133 3322 178 3370 Sic
194 3324 272 3387 igitur
285 3325 319 3373 ibi
331 3324 472 3376 scribitur:
484 3329 603 3377 irminam
613 3341 653 3375 arc
663 3328 845 3387 circumfertur:
860 3325 955 3375 turbari
966 3326 997 3374 od
1007 3339 1075 3373 ormo
1086 3333 1241 3388 concurrunt,

134 3389 177 3438 seri
185 3390 287 3438 inanem
297 3391 443 3440 dimicaturi.
474 3394 557 3443 Vicere
567 3393 671 3449 barbari.
680 3392 730 3455 irc!
760 3392 917 3442 Restitutam
930 3389 1009 3454 igitur
1020 3389 1086 3438 hanc
1097 3389 1238 3450 lectionem

133 3452 280 3503 asciverunt
293 3455 431 3517 Gruterus,
446 3457 586 3519 Puteanus,
604 3459 644 3507 De
657 3459 679 3506 la
692 3459 792 3516 Baune,
809 3456 941 3511 cellarius,
959 3462 987 3502 et
999 3453 1114 3504 Pater-ol.
1148 3455 1239 3506 Facile

135 3520 222 3567 arrtcni
235 3520 261 3568 in
274 3521 333 3583 ipsis
345 3520 444 3570 mendis
456 3524 645 3572 animadvertas
659 3524 769 3584 vestigia
781 3522 894 3571 melioris
907 3520 1035 3568 lectionis.
1068 3519 1155 3580 Inepti
1169 3522 1239 3571 enim

135 3585 234 3633 librarii
253 3585 365 3634 omnium
389 3588 500 3637 maxime
518 3603 658 3650 corrupere
680 3589 827 3641 horrores,
846 3585 941 3635 turbari
958 3586 990 3633 ad
1005 3598 1072 3633 orma
1083 3592 1239 3638 concurrunt.

136 3649 225 3700 Primo
242 3650 311 3699 enirn
327 3651 442 3702 divisere
457 3656 667 3717 praepositionem
678 3653 801 3715 ud,cnjrrs
814 3653 926 3715 priorem
942 3650 1044 3698 literam
1059 3665 1074 3697 a
1091 3651 1238 3710 aggtrutns·

137 3730 196 3765 vere
215 3716 381 3766 antecedenti
401 3720 457 3767 roci
476 3719 580 3782 barbari,
598 3721 666 3768 unde
682 3719 779 3783 prodiit
795 3718 905 3766 lrurlrorto
913 3733 923 3775 ς
934 3717 1041 3765 alteram
1054 3714 1155 3764 literam
1168 3719 1185 3766 rt
1196 3732 1237 3766 re·

129 3782 220 3840 ,tulere
237 3782 269 3831 sd
286 3789 438 3846 sequentem
453 3798 629 3850 racemorum,
642 3786 667 3834 in
680 3801 730 3849 qua
742 3786 840 3834 literam
850 3798 882 3844 m,
893 3796 940 3845 pro
949 3796 964 3829 n
974 3786 999 3830 et
1007 3779 1026 3839 i,
1036 3779 1158 3840 habitere,
1168 3782 1239 3833 unde

631 3930 738 3983 NOTAE

167 4035 181 4070 ἢ
198 4026 334 4092 AEtltiopas]
350 4026 480 4092 AEtlriopla
494 4026 605 4092 duplex3
623 4042 665 4078 su·
705 4026 838 4092 Abuccius:
856 4026 947 4080 altera,
958 4037 1014 4087 qnoe
1025 4020 1137 4088 antiquis
1147 4021 1241 4085 ignota

137 4104 225 4169 perior
239 4113 267 4155 et
281 4103 396 4154 inferior.
429 4104 666 4169 litasobAEgypro
706 4103 764 4161 tirit,
792 4102 859 4151 ultra
882 4101 1048 4163 lEquatorem
1076 4099 1241 4164 extenditur,

137 4181 207 4231 inter
219 4181 307 4231 Nilum
320 4187 348 4232 et
359 4181 448 4232 Sinum
461 4179 619 4245 Arabicum,
634 4184 667 4232 les
707 4179 751 4233 ubi
762 4192 830 4230 nunc
843 4175 1120 4238 amanuensem,
1131 4177 1183 4226 irc.
1206 4198 1214 4207 v·
