2730 4726
398 349 667 402 cousrrnrrro
692 320 785 399 nuo.
821 348 905 398 vrri.
925 333 959 398 5.
1144 333 1232 400 138⁵

128 501 244 576 tionis,
268 501 298 565 si
319 499 370 565 fas
391 505 493 575 esset,
516 496 672 562 audiente
696 502 741 571 te,
764 497 866 560 rebus
889 493 1093 559 tristioribus
1116 494 1231 560 immo-

127 604 207 668 rari.
251 602 284 666 2.
307 601 356 665 Ut
369 600 467 684 igitur
480 600 514 663 io
530 598 757 682 praedicandis
771 597 930 662 laudibus
943 598 1060 679 patriae
1075 617 1161 663 meae
1176 617 1233 662 ve·

128 703 289 770 recundia
313 702 448 767 modum
474 700 568 778 fecit,
593 721 634 764 ue
658 705 848 781 arroganter
870 700 1097 780 insurgerem
1127 700 1176 765 ita
1198 700 1234 763 in

129 803 429 871 commemorandis
454 801 603 886 ejusdem
626 803 723 868 malis
746 808 779 866 et
799 819 895 865 meus
920 800 1026 878 dolor,
1047 806 1081 864 et
1101 809 1235 867 tuarum
1260 880 1261 883 Ἴ

130 908 264 973 aurium
285 906 494 969 consuetudo
515 905 696 969 cohibebit.
742 903 836 968 Nihil
856 903 945 967 enim
965 902 1105 967 libenter
1124 902 1233 981 audis,

129 1010 197 1074 nisi
221 1026 289 1093 quo
313 1026 376 1088 pro
394 1006 490 1070 tuis¹²
511 1007 695 1089 gratuleris.
738 1006 771 1070 3.
794 1004 859 1069 Sed
878 1011 1001 1083 tamen,
1021 1024 1150 1090 quaeso,
1165 1005 1233 1070 Im·

130 1117 282 1195 perator,
300 1108 436 1192 injunge
456 1109 656 1191 patientiam
677 1106 831 1172 sensibus
847 1107 940 1184 tuisf
959 1112 1006 1184 ut,
1020 1107 1233 1191 quemadmo.

132 1212 211 1278 dum
237 1214 436 1295 praestantes
461 1209 601 1274 scientia
623 1208 745 1273 medici
769 1228 834 1272 nou
856 1214 1077 1292 aspernantur
1098 1209 1235 1274 vulnera

130 1314 307 1397 inspicere,
324 1331 401 1394 quae
427 1319 559 1388 sanant,
573 1310 621 1374 ita
640 1330 729 1375 nune
750 1317 787 1374 tu
809 1310 982 1394 paulisper
995 1311 1115 1375 audias
1130 1310 1233 1374 AEdu-

130 1435 228 1480 orum
242 1416 388 1494 labores,
403 1433 492 1497 quos
508 1413 687 1478 sustulisti.
732 1412 854 1496 Neque
868 1414 954 1477 enim
969 1420 1067 1497 potes
1084 1413 1154 1476 sine
1172 1430 1235 1476 ex·

131 1519 317 1600 parimento
339 1514 603 1580 misericordiae⁰
624 1515 667 1578 ad
688 1513 821 1579 landem
842 1516 1029 1579 clementiae
1051 1514 1234 1597 pervenire.

131 1623 165 1684 4.
188 1617 336 1682 Jacebat
358 1616 417 1681 illa
442 1617 577 1693 civitas,
599 1635 666 1680 noo
691 1626 760 1680 tam
783 1615 900 1680 innixa
922 1616 1112 1694 Romanis,p
1134 1635 1235 1703 quam
1264 1690 1266 1692 ,

132 1709 254 1786 virium
278 1720 462 1784 defectione
483 1723 663 1801 prostrata,
684 1738 730 1782 ex
753 1738 820 1803 quo
840 1737 913 1782 eam
932 1719 1012 1783 novi
1034 1737 1152 1782 census
1174 1709 1259 1781 ex?

133 1823 342 1887 animaverat
361 1822 539 1886 acerbitas.
582 1821 615 1885 5.
639 1820 716 1886 Nee
735 1825 847 1885 tamen
864 1820 957 1902 juste
979 1821 1075 1903 queri
1093 1826 1236 1903 poterat,

133 1943 213 1989 oum
235 1929 268 1988 et
288 1944 397 2006 agros
417 1925 477 2009 qui
498 1922 661 2007 descripti
682 1923 824 2002 fuerant,
845 1924 1052 2000 haberemus,
1072 1929 1107 1988 et
1129 1921 1235 1986 Galli-

132 2025 211 2091 cani
228 2035 372 2092 'censusq
392 2024 562 2091 communi
577 2024 722 2092 formula
737 2034 935 2104 teneremur,
951 2024 1008 2109 qui
1023 2024 1164 2090 fortunis
1178 2044 1236 2089 ne·

166 2217 180 2242 ⁰
195 2210 291 2275 Impera
301 2210 327 2260 id
338 2183 416 2262 animo
428 2217 476 2262 too.

594 2288 779 2311 memnon

133 2393 216 2438 ...te
232 2389 261 2439 dr
271 2387 397 2438 rebus-2
417 2390 451 2440 Ut
468 2389 490 2438 io
504 2391 530 2439 in
547 2388 640 2440 madir
656 2389 766 2440 laudidus
783 2388 870 2440 Moeri.
885 2394 913 2439 et
925 2388 995 2440 Gud.
1012 2388 1101 2438 ‘Male
1113 2387 1238 2441 crassen.

132 2453 302 2515 insurgerent?
318 2452 419 2512 Arata,
438 2454 598 2518 Gaeianou
612 2457 828 2511 commemorandis,
844 2454 936 2504 omissa
947 2454 1139 2518 propositione.
1168 2454 1238 2503 Rhea

133 2532 195 2568 nan.
212 2524 240 2568 et
257 2519 291 2568 el.
308 2527 375 2568 vett.
385 2519 451 2567 dolor
463 2525 557 2569 tuorum
567 2535 576 2578 ‚-
585 2521 648 2569 Vet.
664 2520 776 2569 Putean.
785 2520 849 2569 Erre.
863 2520 1008 2570 Schonlrov.
1020 2527 1047 2568 et
1058 2519 1118 2567 edd.
1127 2526 1239 2570 recentt.¹

132 2583 210 2644 dolor,
220 2587 246 2633 et
256 2587 359 2633 tuorum.
392 2584 465 2640 Mox,
476 2598 533 2648 quor
549 2599 592 2646 pro
604 2586 653 2635 tois
664 2585 772 2648 Cuspio.
784 2585 901 2633 Rhenan.
913 2584 1005 2648 Stepb.
1018 2584 1101 2634 Livio.
1115 2581 1238 2633 Francos.

134 2648 223 2696 Pario.
252 2661 297 2709 quo
311 2662 356 2710 pro
370 2648 419 2696 tois
434 2649 497 2697 Ver.
513 2648 627 2699 Puteau.
644 2648 714 2700 Gud.
730 2651 816 2698 Moerl.
828 2650 943 2699 Patarol.
955 2657 982 2699 et
995 2655 1106 2698 receuti.
1134 2647 1236 2711 Lipsius
1339 2673 1345 2678 -

135 2712 220 2775 Epist·
231 2711 333 2762 Quart.
345 2726 385 2761 ιν.
397 2717 438 2762 27.
449 2714 551 2764 emend.
567 2716 616 2764 aar
630 2716 691 2776 qood
700 2727 743 2776 pro
758 2714 807 2762 loir
820 2715 963 2776 pertulerim·
981 2713 1163 2764 chassennis·
1176 2712 1238 2776 qood

134 2777 185 2826 taio
193 2776 324 2838 gratulatio
331 2792 341 2833 ,-
358 2776 459 2829 Acidal.
472 2779 545 2842 legit,
556 2780 605 2827 nist
615 2781 677 2841 quod
688 2779 737 2828 tuir
743 2794 753 2836 ,·
772 2779 881 2827 Ritters.
893 2779 940 2828 nisi
949 2780 1010 2842 quod
1019 2792 1062 2840 pro
1073 2776 1121 2826 tuis
1130 2779 1238 2838 gratule-

132 2841 185 2896 ris.
208 2840 275 2889 vide
292 2840 368 2891 Nott.
390 2844 514 2892 Vara-8
532 2843 581 2892 Sed
598 2850 686 2903 tomen,
701 2843 831 2905 imperator
848 2843 961 2906 Guelpb.
989 2844 1042 2893 Pro
1059 2841 1238 2899 misericordia,

136 2904 222 2955 Lirin.
235 2905 303 2970 conj.
314 2906 475 2956 miserim—d
493 2908 547 2957 Pro
558 2908 644 2958 ranna
656 2908 780 2967 Romanis,
797 2908 866 2957 Gud.
877 2917 904 2958 et
919 2908 1006 2959 Moerl.
1017 2906 1125 2963 babent,
1136 2907 1238 2957 moniam

134 2970 218 3029 eloim·
228 2970 290 3020 Vet.
303 2969 385 3020 Lirin.
393 2973 491 3021 nimium
501 2973 571 3022 Rom.
581 2973 649 3021 unde
659 2973 742 3021 Lirin.
751 2973 819 3035 conj.
823 2972 920 3033 jor-roo
932 2972 1002 3022 Rom.
1014 2972 1239 3028 ‚Bertin.meoirm

134 3035 201 3084 riuis
207 3038 218 3093 ,'·
232 3032 344 3091 Modius,
355 3051 401 3085 noa
413 3041 462 3085 tam
471 3038 580 3087 moenium
591 3038 687 3096 retain
699 3038 771 3099 Lips.
782 3039 809 3086 in
821 3039 928 3088 Excurs.
940 3038 974 3087 K.
983 3039 1008 3085 in
1021 3038 1104 3088 Tacit.
1116 3035 1210 3086 Anuar.
1220 3051 1239 3086 r.

135 3098 275 3162 legendnm
293 3106 380 3164 putot,
395 3101 473 3150 inviae
492 3102 617 3152 Romanis.
645 3101 713 3151 Vide
729 3103 896 3154 Nott.Varr.
921 3105 1071 3153 exanimaret
1081 3104 1142 3151 Vet.
1155 3102 1239 3153 Lirin.

135 3175 163 3214 et
171 3165 285 3229 Gnelplr.
311 3166 366 3215 Pro
376 3166 501 3222 acerbum,
513 3167 621 3228 Cuspio.
633 3173 661 3216 et
670 3168 734 3217 Erre.
745 3168 890 3218 Schonlrov.
902 3168 996 3217 habent
1008 3168 1145 3217 enormiter.
1168 3166 1237 3216 ‘Sed

136 3231 225 3294 potius
248 3230 417 3294 vulgata.’·-5
434 3232 542 3283 ‘Moerl
562 3232 685 3282 Gallicani
701 3246 785 3283 censor
799 3234 908 3292 formala
927 3238 1062 3283 teneretur:
1083 3231 1165 3294 faleo;
1182 3233 1239 3282 lraee

632 3363 743 3415 NOTAE

137 3458 172 3508 do
189 3456 295 3506 nimium
308 3457 559 3521 quantumvalen13’
577 3458 623 3509 red
641 3470 668 3511 at
709 3476 758 3511 nec
771 3475 836 3524 erse,
847 3475 895 3511 nec
906 3460 996 3511 haberi
1010 3469 1093 3526 potes.

137 3532 279 3598 utrobique
293 3533 372 3597 aliqui
391 3533 480 3597 legunt
496 3536 581 3584 mirum
595 3551 668 3599 qnon-
742 3547 756 3581 Ρ
770 3539 826 3588 Non
838 3544 887 3588 tom
897 3540 984 3589 innixo
996 3539 1123 3604 Romania]
1140 3539 1172 3588 Id
1190 3546 1239 3603 ert,

138 3616 198 3660 tam.
708 3629 760 3664 nou
778 3623 829 3665 tam
848 3615 935 3665 stabat
947 3617 1004 3666 lrrec
1020 3616 1121 3677 civitas,
1132 3622 1240 3677 propter

169 3694 184 3720 ¹¹
200 3685 258 3735 Nm
268 3700 313 3748 qao
325 3684 409 3750 [qood]
418 3701 462 3749 pro
473 3687 594 3750 triade]
606 3687 669 3738 Cor·
710 3707 766 3742 eum
787 3709 845 3758 qum
863 3693 948 3743 inerat
971 3695 1021 3758 ipsi
1041 3708 1098 3743 curu
1119 3693 1241 3743 Romanis

137 3769 232 3824 ruptus
243 3760 410 3826 locus,qnmn
428 3777 485 3812 cum
498 3762 618 3813 Acidalio
630 3777 668 3813 re·
710 3767 871 3832 affinitatem,
889 3785 964 3834 qnam
982 3770 1091 3833 jacebat
1108 3775 1240 3833 prostrata

137 3839 227 3890 etituo.
260 3837 314 3889 Alii
328 3840 429 3902 legunt,
439 3841 489 3890 oiri
504 3855 547 3904 pro
562 3857 607 3904 quo
619 3842 670 3892 tois
710 3836 925 3910 proprerlnovum
940 3846 1053 3910 vectigal
1070 3844 1119 3908 ipsi
1136 3845 1240 3908 imposi-

135 3917 278 3979 3rotoloris.
305 3914 425 3981 Aliqum
435 3933 492 3981 quos
501 3933 544 3981 pro
555 3919 603 3967 tois
612 3933 669 3980 gru·
710 3929 773 3973 tum.

138 3995 234 4046 talario·
741 4007 753 4042 a
772 3999 893 4049 Gallicani
910 3995 1003 4060 emmo]
1021 3996 1121 4046 censu·
1140 3996 1240 4060 duplici

170 4080 183 4105 ⁰
198 4071 670 4136 Sinaexperimeatomimioordioe]Ms·
711 4074 788 4125 modo
798 4074 894 4125 fiebat:
908 4076 948 4124 vel
962 4074 1114 4137 percapita,
1125 4075 1179 4123 rire
1191 4089 1240 4138 per

138 4148 184 4198 lim
200 4148 312 4205 noema,
333 4147 359 4198 id
377 4155 426 4213 ert,
442 4147 492 4197 nisi
509 4148 607 4204 audias,
623 4149 671 4199 nisi
711 4149 798 4212 focos;
815 4154 856 4200 rel
873 4164 922 4214 per
938 4164 1024 4212 egros,
1039 4149 1083 4213 qui
1101 4158 1241 4215 propterea

139 4238 264 4290 agnoscar
280 4225 390 4277 alienon
407 4225 546 4291 miseriam,
559 4227 671 4285 clamem
712 4227 926 4282 describebantur
944 4241 959 4278 a
976 4226 1133 4285 censoribus,
1147 4234 1177 4280 ut
1194 4242 1242 4293 pro
