<?xml version="1.0" encoding="UTF-8"?>
<!DOCTYPE html PUBLIC "-//W3C//DTD XHTML 1.0 Transitional//EN"
    "http://www.w3.org/TR/xhtml1/DTD/xhtml1-transitional.dtd">
<html xmlns="http://www.w3.org/1999/xhtml" xml:lang="en" lang="en">
 <head>
  <title>
</title>
<meta http-equiv="Content-Type" content="text/html;charset=utf-8" />
  <meta name='ocr-system' content='tesseract 3.04.00' />
  <meta name='ocr-capabilities' content='ocr_page ocr_carea ocr_par ocr_line ocrx_word'/>
</head>
<body>
  <div class='ocr_page' id='page_1' title='image "./panegyriciveter01baungoog_0195.png"; bbox 0 0 2730 4726; ppageno 0'>
   <div class='ocr_carea' id='block_1_1' title="bbox 133 323 924 398">
    <p class='ocr_par' dir='ltr' id='par_1_1' title="bbox 133 323 924 398">
     <span class='ocr_line' id='line_1_1' title="bbox 133 323 924 398; baseline 0.021 -17"><span class='ocrx_word' id='word_1_1' title='bbox 133 323 225 394; x_wconf 71' lang='lat'>1282</span> <span class='ocrx_word' id='word_1_2' title='bbox 458 339 624 392; x_wconf 85' lang='lat' dir='ltr'><strong>auusurr</strong></span> <span class='ocrx_word' id='word_1_3' title='bbox 652 342 924 398; x_wconf 77' lang='lat' dir='ltr'><strong>suaseramus</strong></span> 
     </span>
    </p>
   </div>
   <div class='ocr_carea' id='block_1_2' title="bbox 134 480 1248 1598">
    <p class='ocr_par' dir='ltr' id='par_1_2' title="bbox 134 480 1248 1598">
     <span class='ocr_line' id='line_1_2' title="bbox 136 480 1247 579; baseline 0.014 -28"><span class='ocrx_word' id='word_1_4' title='bbox 136 494 243 569; x_wconf 88' lang='lat' dir='ltr'><strong>atque</strong></span> <span class='ocrx_word' id='word_1_5' title='bbox 267 480 432 551; x_wconf 83' lang='lat' dir='ltr'><strong>adrentus</strong></span> <span class='ocrx_word' id='word_1_6' title='bbox 457 486 506 551; x_wconf 92' lang='lat' dir='ltr'><strong>tui</strong></span> <span class='ocrx_word' id='word_1_7' title='bbox 530 486 662 552; x_wconf 89' lang='lat' dir='ltr'><strong>nuntios</strong></span> <span class='ocrx_word' id='word_1_8' title='bbox 689 490 902 571; x_wconf 72' lang='lat' dir='ltr'><strong>praevenisti,</strong></span> <span class='ocrx_word' id='word_1_9' title='bbox 926 493 1018 576; x_wconf 89' lang='lat' dir='ltr'><strong>cepit</strong></span> <span class='ocrx_word' id='word_1_10' title='bbox 1041 514 1247 579; x_wconf 82' lang='lat' dir='ltr'><strong>oppressam</strong></span> 
     </span>
     <span class='ocr_line' id='line_1_3' title="bbox 135 589 1248 673; baseline 0.011 -18"><span class='ocrx_word' id='word_1_11' title='bbox 135 589 441 656; x_wconf 90' lang='lat' dir='ltr'><strong>Gesoriaceusibus</strong></span> <span class='ocrx_word' id='word_1_12' title='bbox 456 589 576 654; x_wconf 89' lang='lat' dir='ltr'><strong>murisq</strong></span> <span class='ocrx_word' id='word_1_13' title='bbox 591 592 793 673; x_wconf 83' lang='lat' dir='ltr'>pertinacem</span> <span class='ocrx_word' id='word_1_14' title='bbox 811 601 893 658; x_wconf 90' lang='lat' dir='ltr'><strong>tunc</strong></span> <span class='ocrx_word' id='word_1_15' title='bbox 909 614 1019 660; x_wconf 90' lang='lat' dir='ltr'><strong>errore</strong></span> <span class='ocrx_word' id='word_1_16' title='bbox 1034 598 1162 664; x_wconf 88' lang='lat' dir='ltr'><strong>misero</strong></span> <span class='ocrx_word' id='word_1_17' title='bbox 1177 621 1248 668; x_wconf 90' lang='lat' dir='ltr'><strong>ma-</strong></span> 
     </span>
     <span class='ocr_line' id='line_1_4' title="bbox 134 688 1248 781; baseline 0.013 -26"><span class='ocrx_word' id='word_1_18' title='bbox 134 688 212 756; x_wconf 84' lang='lat' dir='ltr'><strong>num</strong></span> <span class='ocrx_word' id='word_1_19' title='bbox 236 692 390 775; x_wconf 87' lang='lat' dir='ltr'><strong>piraticae</strong></span> <span class='ocrx_word' id='word_1_20' title='bbox 409 691 579 767; x_wconf 82' lang='lat' dir='ltr'><strong>factionis,</strong></span> <span class='ocrx_word' id='word_1_21' title='bbox 600 698 701 776; x_wconf 87' lang='lat' dir='ltr'><strong>atque</strong></span> <span class='ocrx_word' id='word_1_22' title='bbox 721 693 804 767; x_wconf 88' lang='lat' dir='ltr'><strong>illis,</strong></span> <span class='ocrx_word' id='word_1_23' title='bbox 821 695 903 758; x_wconf 93' lang='lat' dir='ltr'><strong>olim</strong></span> <span class='ocrx_word' id='word_1_24' title='bbox 927 698 1012 761; x_wconf 90' lang='lat' dir='ltr'><strong>mari</strong></span> <span class='ocrx_word' id='word_1_25' title='bbox 1035 699 1143 781; x_wconf 84' lang='lat' dir='ltr'><strong>fretis,</strong></span> <span class='ocrx_word' id='word_1_26' title='bbox 1160 705 1248 770; x_wconf 88' lang='lat' dir='ltr'><strong>alla·</strong></span> 
     </span>
     <span class='ocr_line' id='line_1_5' title="bbox 135 793 1248 888; baseline 0.011 -30"><span class='ocrx_word' id='word_1_27' title='bbox 135 801 249 858; x_wconf 90' lang='lat' dir='ltr'><strong>eutem</strong></span> <span class='ocrx_word' id='word_1_28' title='bbox 270 802 388 879; x_wconf 90' lang='lat' dir='ltr'><strong>portas</strong></span> <span class='ocrx_word' id='word_1_29' title='bbox 410 793 535 860; x_wconf 82' lang='lat' dir='ltr'><strong>ademit</strong></span> <span class='ocrx_word' id='word_1_30' title='bbox 556 793 739 859; x_wconf 81' lang='lat' dir='ltr'><strong>Oceanum.</strong></span> <span class='ocrx_word' id='word_1_31' title='bbox 784 796 816 860; x_wconf 82' lang='lat'><strong>2.</strong></span> <span class='ocrx_word' id='word_1_32' title='bbox 840 797 882 861; x_wconf 91' lang='lat' dir='ltr'><strong>In</strong></span> <span class='ocrx_word' id='word_1_33' title='bbox 906 818 975 883; x_wconf 88' lang='lat' dir='ltr'><strong>quo</strong></span> <span class='ocrx_word' id='word_1_34' title='bbox 996 800 1118 868; x_wconf 86' lang='lat' dir='ltr'><strong>divina</strong></span> <span class='ocrx_word' id='word_1_35' title='bbox 1132 809 1248 888; x_wconf 84' lang='lat' dir='ltr'><strong>prbri-</strong></span> 
     </span>
     <span class='ocr_line' id='line_1_6' title="bbox 135 897 1246 988; baseline 0.012 -26"><span class='ocrx_word' id='word_1_36' title='bbox 135 898 249 963; x_wconf 89' lang='lat' dir='ltr'><strong>dentia</strong></span> <span class='ocrx_word' id='word_1_37' title='bbox 274 906 346 975; x_wconf 89' lang='lat' dir='ltr'><strong>tua,</strong></span> <span class='ocrx_word' id='word_1_38' title='bbox 370 903 403 962; x_wconf 90' lang='lat' dir='ltr'><strong>et</strong></span> <span class='ocrx_word' id='word_1_39' title='bbox 425 918 486 982; x_wconf 92' lang='lat' dir='ltr'><strong>par</strong></span> <span class='ocrx_word' id='word_1_40' title='bbox 509 897 651 962; x_wconf 88' lang='lat' dir='ltr'><strong>consilio</strong></span> <span class='ocrx_word' id='word_1_41' title='bbox 674 898 814 963; x_wconf 82' lang='lat' dir='ltr'><strong>effectus</strong></span> <span class='ocrx_word' id='word_1_42' title='bbox 836 902 1002 985; x_wconf 89' lang='lat' dir='ltr'><strong>apparuit,</strong></span> <span class='ocrx_word' id='word_1_43' title='bbox 1024 905 1086 988; x_wconf 91' lang='lat' dir='ltr'><strong>qui</strong></span> <span class='ocrx_word' id='word_1_44' title='bbox 1110 927 1246 976; x_wconf 89' lang='lat' dir='ltr'><strong>omnem</strong></span> 
     </span>
     <span class='ocr_line' id='line_1_7' title="bbox 135 1000 1246 1090; baseline 0.013 -25"><span class='ocrx_word' id='word_1_45' title='bbox 135 1000 246 1065; x_wconf 90' lang='lat' dir='ltr'><strong>sinum</strong></span> <span class='ocrx_word' id='word_1_46' title='bbox 264 1001 357 1064; x_wconf 89' lang='lat' dir='ltr'><strong>illum</strong></span> <span class='ocrx_word' id='word_1_47' title='bbox 378 1005 506 1083; x_wconf 90' lang='lat' dir='ltr'><strong>portus,</strong></span> <span class='ocrx_word' id='word_1_48' title='bbox 521 1017 620 1082; x_wconf 90' lang='lat' dir='ltr'><strong>quem</strong></span> <span class='ocrx_word' id='word_1_49' title='bbox 635 1001 733 1064; x_wconf 89' lang='lat' dir='ltr'><strong>statis</strong></span> <span class='ocrx_word' id='word_1_50' title='bbox 748 1000 880 1066; x_wconf 87' lang='lat' dir='ltr'><strong>vicibus</strong></span> <span class='ocrx_word' id='word_1_51' title='bbox 895 1011 1001 1068; x_wconf 90' lang='lat' dir='ltr'><strong>aestus</strong></span> <span class='ocrx_word' id='word_1_52' title='bbox 1015 1006 1175 1090; x_wconf 84' lang='lat' dir='ltr'><strong>alternat,</strong></span> <span class='ocrx_word' id='word_1_53' title='bbox 1190 1013 1246 1079; x_wconf 88' lang='lat' dir='ltr'><strong>de·</strong></span> 
     </span>
     <span class='ocr_line' id='line_1_8' title="bbox 134 1100 1245 1186; baseline 0.014 -20"><span class='ocrx_word' id='word_1_54' title='bbox 134 1102 215 1166; x_wconf 86' lang='lat' dir='ltr'><strong>fixis</strong></span> <span class='ocrx_word' id='word_1_55' title='bbox 238 1105 270 1167; x_wconf 93' lang='lat' dir='ltr'><strong>in</strong></span> <span class='ocrx_word' id='word_1_56' title='bbox 292 1100 386 1167; x_wconf 91' lang='lat' dir='ltr'><strong>aditu</strong></span> <span class='ocrx_word' id='word_1_57' title='bbox 409 1102 570 1182; x_wconf 87' lang='lat' dir='ltr'><strong>trabibus,</strong></span> <span class='ocrx_word' id='word_1_58' title='bbox 588 1101 792 1186; x_wconf 82' lang='lat' dir='ltr'><strong>ingestisque</strong></span> <span class='ocrx_word' id='word_1_59' title='bbox 815 1106 924 1181; x_wconf 87' lang='lat' dir='ltr'><strong>saxis,</strong></span> <span class='ocrx_word' id='word_1_60' title='bbox 944 1107 1073 1173; x_wconf 89' lang='lat' dir='ltr'><strong>invium</strong></span> <span class='ocrx_word' id='word_1_61' title='bbox 1096 1115 1245 1181; x_wconf 85' lang='lat' dir='ltr'><strong>navibus</strong></span> 
     </span>
     <span class='ocr_line' id='line_1_9' title="bbox 134 1203 1243 1288; baseline 0.012 -18"><span class='ocrx_word' id='word_1_62' title='bbox 134 1204 325 1282; x_wconf 81' lang='lat' dir='ltr'><strong>reddidisti,</strong></span> <span class='ocrx_word' id='word_1_63' title='bbox 341 1211 441 1288; x_wconf 90' lang='lat' dir='ltr'><strong>atque</strong></span> <span class='ocrx_word' id='word_1_64' title='bbox 456 1204 566 1288; x_wconf 85' lang='lat' dir='ltr'><strong>ipsam</strong></span> <span class='ocrx_word' id='word_1_65' title='bbox 581 1203 648 1269; x_wconf 93' lang='lat' dir='ltr'><strong>loci</strong></span> <span class='ocrx_word' id='word_1_66' title='bbox 664 1214 815 1270; x_wconf 87' lang='lat' dir='ltr'><strong>naturam</strong></span> <span class='ocrx_word' id='word_1_67' title='bbox 832 1207 1024 1274; x_wconf 88' lang='lat' dir='ltr'><strong>admirabili</strong></span> <span class='ocrx_word' id='word_1_68' title='bbox 1040 1213 1174 1279; x_wconf 89' lang='lat' dir='ltr'><strong>ratione</strong></span> <span class='ocrx_word' id='word_1_69' title='bbox 1189 1237 1243 1282; x_wconf 87' lang='lat' dir='ltr'><strong>su·</strong></span> 
     </span>
     <span class='ocr_line' id='line_1_10' title="bbox 134 1294 1244 1402; baseline 0.01 -31"><span class='ocrx_word' id='word_1_70' title='bbox 134 1294 279 1390; x_wconf 82' lang='lat' dir='ltr'><strong>perasti3</strong></span> <span class='ocrx_word' id='word_1_71' title='bbox 302 1326 380 1371; x_wconf 87' lang='lat' dir='ltr'><strong>cum</strong></span> <span class='ocrx_word' id='word_1_72' title='bbox 395 1326 484 1371; x_wconf 89' lang='lat' dir='ltr'><strong>mare</strong></span> <span class='ocrx_word' id='word_1_73' title='bbox 499 1306 623 1371; x_wconf 83' lang='lat' dir='ltr'><strong>frustra</strong></span> <span class='ocrx_word' id='word_1_74' title='bbox 638 1309 844 1392; x_wconf 88' lang='lat' dir='ltr'><strong>reciprocum</strong></span> <span class='ocrx_word' id='word_1_75' title='bbox 858 1311 1038 1394; x_wconf 87' lang='lat' dir='ltr'><strong>prohibitis</strong></span> <span class='ocrx_word' id='word_1_76' title='bbox 1048 1312 1131 1398; x_wconf 86' lang='lat' dir='ltr'><strong>fuga</strong></span> <span class='ocrx_word' id='word_1_77' title='bbox 1146 1319 1244 1402; x_wconf 89' lang='lat' dir='ltr'><strong>quasi</strong></span> 
     </span>
     <span class='ocr_line' id='line_1_11' title="bbox 134 1411 1243 1503; baseline 0.008 -27"><span class='ocrx_word' id='word_1_78' title='bbox 134 1411 272 1477; x_wconf 90' lang='lat' dir='ltr'><strong>illudere</strong></span> <span class='ocrx_word' id='word_1_79' title='bbox 283 1411 461 1488; x_wconf 86' lang='lat' dir='ltr'><strong>videretur,</strong></span> <span class='ocrx_word' id='word_1_80' title='bbox 473 1417 635 1494; x_wconf 91' lang='lat' dir='ltr'><strong>tanquam</strong></span> <span class='ocrx_word' id='word_1_81' title='bbox 646 1412 740 1476; x_wconf 91' lang='lat' dir='ltr'><strong>nullo</strong></span> <span class='ocrx_word' id='word_1_82' title='bbox 750 1430 813 1477; x_wconf 90' lang='lat' dir='ltr'><strong>usu</strong></span> <span class='ocrx_word' id='word_1_83' title='bbox 820 1412 956 1497; x_wconf 88' lang='lat' dir='ltr'><strong>juvaret</strong></span> <span class='ocrx_word' id='word_1_84' title='bbox 965 1412 1131 1497; x_wconf 88' lang='lat' dir='ltr'><strong>inclusos,</strong></span> <span class='ocrx_word' id='word_1_85' title='bbox 1143 1421 1243 1503; x_wconf 83' lang='lat' dir='ltr'><strong>quasi</strong></span> 
     </span>
     <span class='ocr_line' id='line_1_12' title="bbox 134 1509 1244 1598; baseline 0.008 -19"><span class='ocrx_word' id='word_1_86' title='bbox 134 1513 261 1579; x_wconf 89' lang='lat' dir='ltr'><strong>redire¹</strong></span> <span class='ocrx_word' id='word_1_87' title='bbox 288 1513 461 1578; x_wconf 63' lang='lat' dir='ltr'><strong>desisset!</strong></span> <span class='ocrx_word' id='word_1_88' title='bbox 509 1511 541 1576; x_wconf 82' lang='grc'><strong>3.</strong></span> <span class='ocrx_word' id='word_1_89' title='bbox 564 1509 732 1590; x_wconf 84' lang='lat' dir='ltr'><strong>Quaenam</strong></span> <span class='ocrx_word' id='word_1_90' title='bbox 758 1522 905 1598; x_wconf 87' lang='lat' dir='ltr'><strong>unquam</strong></span> <span class='ocrx_word' id='word_1_91' title='bbox 930 1516 1129 1583; x_wconf 88' lang='lat' dir='ltr'><strong>mirabimur</strong></span> <span class='ocrx_word' id='word_1_92' title='bbox 1151 1521 1244 1588; x_wconf 80' lang='lat' dir='ltr'><strong>ralla</strong></span> 
     </span>
    </p>
   </div>
   <div class='ocr_carea' id='block_1_3' title="bbox 167 1672 1068 1762">
    <p class='ocr_par' dir='ltr' id='par_1_3' title="bbox 167 1672 1068 1762">
     <span class='ocr_line' id='line_1_13' title="bbox 167 1672 1068 1762; baseline 0.003 -14"><span class='ocrx_word' id='word_1_93' title='bbox 167 1696 179 1730; x_wconf 74' lang='lat'><em>⁶</em></span> <span class='ocrx_word' id='word_1_94' title='bbox 197 1698 275 1755; x_wconf 81' lang='lat' dir='ltr'><strong>Quasi</strong></span> <span class='ocrx_word' id='word_1_95' title='bbox 286 1697 379 1747; x_wconf 80' lang='lat' dir='ltr'><strong>omnino</strong></span> <span class='ocrx_word' id='word_1_96' title='bbox 387 1696 472 1749; x_wconf 80' lang='lat' dir='ltr'><strong>inatile</strong></span> <span class='ocrx_word' id='word_1_97' title='bbox 482 1695 574 1748; x_wconf 80' lang='lat' dir='ltr'><strong>rioilus</strong></span> <span class='ocrx_word' id='word_1_98' title='bbox 588 1696 695 1755; x_wconf 82' lang='lat' dir='ltr'><strong>irrrlasir,</strong></span> <span class='ocrx_word' id='word_1_99' title='bbox 706 1672 824 1762; x_wconf 82' lang='lat' dir='ltr'><strong>autquasi</strong></span> <span class='ocrx_word' id='word_1_100' title='bbox 835 1698 935 1762; x_wconf 62' lang='lat' dir='ltr'><strong>emisere</strong></span> <span class='ocrx_word' id='word_1_101' title='bbox 945 1707 1068 1753; x_wconf 79' lang='lat' dir='ltr'><strong>cremaret.</strong></span> 
     </span>
    </p>
   </div>
   <div class='ocr_carea' id='block_1_4' title="bbox 591 1825 776 1848">
    <p class='ocr_par' dir='ltr' id='par_1_4' title="bbox 591 1825 776 1848">
     <span class='ocr_line' id='line_1_14' title="bbox 591 1825 776 1848; baseline 0.011 -3"><span class='ocrx_word' id='word_1_102' title='bbox 591 1825 776 1848; x_wconf 63' lang='lat' dir='ltr'><strong>NOMINOO</strong></span> 
     </span>
    </p>
   </div>
   <div class='ocr_carea' id='block_1_5' title="bbox 76 1914 1240 3678">
    <p class='ocr_par' dir='ltr' id='par_1_5' title="bbox 76 1914 1240 3678">
     <span class='ocr_line' id='line_1_15' title="bbox 133 1914 1239 1983; baseline 0 -15"><span class='ocrx_word' id='word_1_103' title='bbox 133 1925 214 1983; x_wconf 87' lang='lat' dir='ltr'><strong>atque</strong></span> <span class='ocrx_word' id='word_1_104' title='bbox 226 1917 372 1971; x_wconf 83' lang='lat' dir='ltr'><strong>abadreua</strong></span> <span class='ocrx_word' id='word_1_105' title='bbox 382 1916 456 1966; x_wconf 89' lang='lat' dir='ltr'><strong>boste</strong></span> <span class='ocrx_word' id='word_1_106' title='bbox 487 1914 628 1980; x_wconf 70' lang='lat' dir='ltr'><strong>urgenda!</strong></span> <span class='ocrx_word' id='word_1_107' title='bbox 636 1918 729 1980; x_wconf 66' lang='lat' dir='ltr'><strong>sager.</strong></span> <span class='ocrx_word' id='word_1_108' title='bbox 763 1916 835 1966; x_wconf 86' lang='lat' dir='ltr'><strong>‘Pro</strong></span> <span class='ocrx_word' id='word_1_109' title='bbox 845 1923 922 1982; x_wconf 75' lang='lat' dir='ltr'><strong>amaa,</strong></span> <span class='ocrx_word' id='word_1_110' title='bbox 933 1920 1022 1975; x_wconf 74' lang='lat' dir='ltr'><strong>Mari.</strong></span> <span class='ocrx_word' id='word_1_111' title='bbox 1034 1928 1063 1971; x_wconf 88' lang='lat' dir='ltr'><strong>et</strong></span> <span class='ocrx_word' id='word_1_112' title='bbox 1075 1922 1143 1972; x_wconf 86' lang='lat' dir='ltr'><strong>alter</strong></span> <span class='ocrx_word' id='word_1_113' title='bbox 1155 1924 1239 1976; x_wconf 87' lang='lat' dir='ltr'><strong>Gudi-</strong></span> 
     </span>
     <span class='ocr_line' id='line_1_16' title="bbox 132 1933 1238 2050; baseline 0.003 -17"><span class='ocrx_word' id='word_1_114' title='bbox 132 1998 197 2034; x_wconf 87' lang='lat' dir='ltr'><strong>anas</strong></span> <span class='ocrx_word' id='word_1_115' title='bbox 213 1984 289 2045; x_wconf 87' lang='lat' dir='ltr'><strong>liber,</strong></span> <span class='ocrx_word' id='word_1_116' title='bbox 301 1983 414 2046; x_wconf 84' lang='lat' dir='ltr'><strong>itemque</strong></span> <span class='ocrx_word' id='word_1_117' title='bbox 426 1933 485 2032; x_wconf 70' lang='lat' dir='ltr'><strong>eotll</strong></span> <span class='ocrx_word' id='word_1_118' title='bbox 496 1983 558 2032; x_wconf 89' lang='lat' dir='ltr'><strong>Put.</strong></span> <span class='ocrx_word' id='word_1_119' title='bbox 570 1982 650 2031; x_wconf 88' lang='lat' dir='ltr'><strong>babet</strong></span> <span class='ocrx_word' id='word_1_120' title='bbox 667 1987 744 2031; x_wconf 80' lang='lat' dir='ltr'><strong>suatur</strong></span> <span class='ocrx_word' id='word_1_121' title='bbox 752 1998 763 2040; x_wconf 78' lang='lat'><strong>,-</strong></span> <span class='ocrx_word' id='word_1_122' title='bbox 780 1997 827 2046; x_wconf 90' lang='lat' dir='ltr'><strong>pro</strong></span> <span class='ocrx_word' id='word_1_123' title='bbox 843 1991 956 2046; x_wconf 84' lang='lat' dir='ltr'><strong>proeaert.</strong></span> <span class='ocrx_word' id='word_1_124' title='bbox 981 1986 1071 2036; x_wconf 79' lang='lat' dir='ltr'><strong>Moerl.</strong></span> <span class='ocrx_word' id='word_1_125' title='bbox 1089 1991 1238 2050; x_wconf 70' lang='lat' dir='ltr'><strong>prevenisti.</strong></span> 
     </span>
     <span class='ocr_line' id='line_1_17' title="bbox 133 2046 1240 2118; baseline 0.004 -18"><span class='ocrx_word' id='word_1_126' title='bbox 133 2050 187 2100; x_wconf 85' lang='lat' dir='ltr'><strong>Sed</strong></span> <span class='ocrx_word' id='word_1_127' title='bbox 200 2049 306 2112; x_wconf 83' lang='lat' dir='ltr'><strong>vulgata</strong></span> <span class='ocrx_word' id='word_1_128' title='bbox 317 2049 355 2098; x_wconf 87' lang='lat' dir='ltr'><strong>iris</strong></span> <span class='ocrx_word' id='word_1_129' title='bbox 367 2048 457 2096; x_wconf 90' lang='lat' dir='ltr'><strong>melior</strong></span> <span class='ocrx_word' id='word_1_130' title='bbox 466 2056 494 2098; x_wconf 88' lang='lat' dir='ltr'><strong>et</strong></span> <span class='ocrx_word' id='word_1_131' title='bbox 503 2046 673 2112; x_wconf 61' lang='lat' dir='ltr'><strong>exquisitior!</strong></span> <span class='ocrx_word' id='word_1_132' title='bbox 687 2048 761 2096; x_wconf 82' lang='lat' dir='ltr'><strong>idem.</strong></span> <span class='ocrx_word' id='word_1_133' title='bbox 778 2048 1152 2118; x_wconf 79' lang='lat' dir='ltr'><strong>‘GerarigiameeaaibrrarrrrrriaJ</strong></span> <span class='ocrx_word' id='word_1_134' title='bbox 1160 2055 1240 2106; x_wconf 75' lang='lat' dir='ltr'><strong>sara</strong></span> 
     </span>
     <span class='ocr_line' id='line_1_18' title="bbox 131 2112 1239 2178; baseline 0.006 -15"><span class='ocrx_word' id='word_1_135' title='bbox 131 2115 204 2164; x_wconf 86' lang='lat' dir='ltr'><strong>labes</strong></span> <span class='ocrx_word' id='word_1_136' title='bbox 216 2122 242 2163; x_wconf 88' lang='lat' dir='ltr'><strong>et</strong></span> <span class='ocrx_word' id='word_1_137' title='bbox 254 2114 310 2162; x_wconf 90' lang='lat' dir='ltr'><strong>sine</strong></span> <span class='ocrx_word' id='word_1_138' title='bbox 322 2112 393 2162; x_wconf 87' lang='lat' dir='ltr'><strong>libris</strong></span> <span class='ocrx_word' id='word_1_139' title='bbox 404 2113 559 2164; x_wconf 86' lang='lat' dir='ltr'><strong>insanabilis.</strong></span> <span class='ocrx_word' id='word_1_140' title='bbox 592 2112 677 2163; x_wconf 75' lang='lat' dir='ltr'><strong>Prait</strong></span> <span class='ocrx_word' id='word_1_141' title='bbox 688 2113 721 2160; x_wconf 95' lang='lat' dir='ltr'><strong>ad</strong></span> <span class='ocrx_word' id='word_1_142' title='bbox 732 2127 829 2170; x_wconf 86' lang='lat' dir='ltr'><strong>rerum,</strong></span> <span class='ocrx_word' id='word_1_143' title='bbox 840 2115 908 2178; x_wconf 92' lang='lat' dir='ltr'><strong>quod</strong></span> <span class='ocrx_word' id='word_1_144' title='bbox 922 2116 1063 2177; x_wconf 73' lang='lat' dir='ltr'><strong>Largiana</strong></span> <span class='ocrx_word' id='word_1_145' title='bbox 1075 2118 1182 2170; x_wconf 81' lang='lat' dir='ltr'><strong>scheda</strong></span> <span class='ocrx_word' id='word_1_146' title='bbox 1195 2134 1239 2170; x_wconf 85' lang='lat' dir='ltr'><strong>ex·</strong></span> 
     </span>
     <span class='ocr_line' id='line_1_19' title="bbox 129 2177 1238 2238; baseline 0.006 -10"><span class='ocrx_word' id='word_1_147' title='bbox 129 2180 229 2238; x_wconf 81' lang='lat' dir='ltr'><strong>bibent,</strong></span> <span class='ocrx_word' id='word_1_148' title='bbox 250 2177 496 2238; x_wconf 82' lang='lat' dir='ltr'><strong>Geasorigiaceraibm</strong></span> <span class='ocrx_word' id='word_1_149' title='bbox 511 2177 593 2227; x_wconf 81' lang='lat' dir='ltr'><strong>muris.</strong></span> <span class='ocrx_word' id='word_1_150' title='bbox 626 2177 744 2227; x_wconf 84' lang='lat' dir='ltr'><strong>Emeoda</strong></span> <span class='ocrx_word' id='word_1_151' title='bbox 762 2178 910 2228; x_wconf 89' lang='lat' dir='ltr'><strong>indubitate</strong></span> <span class='ocrx_word' id='word_1_152' title='bbox 927 2179 1140 2232; x_wconf 76' lang='lat' dir='ltr'><strong>Gesoriaoeaaibrra</strong></span> <span class='ocrx_word' id='word_1_153' title='bbox 1155 2187 1238 2235; x_wconf 80' lang='lat' dir='ltr'><strong>maris.</strong></span> 
     </span>
     <span class='ocr_line' id='line_1_20' title="bbox 76 2241 1238 2314; baseline 0.005 -20"><span class='ocrx_word' id='word_1_154' title='bbox 76 2265 82 2278; x_wconf 72' lang='lat'><em>=</em></span> <span class='ocrx_word' id='word_1_155' title='bbox 132 2245 237 2294; x_wconf 82' lang='lat' dir='ltr'><strong>Clarum</strong></span> <span class='ocrx_word' id='word_1_156' title='bbox 252 2241 376 2292; x_wconf 75' lang='lat' dir='ltr'><strong>intrabas</strong></span> <span class='ocrx_word' id='word_1_157' title='bbox 389 2244 445 2306; x_wconf 89' lang='lat' dir='ltr'><strong>ipso</strong></span> <span class='ocrx_word' id='word_1_158' title='bbox 456 2242 627 2307; x_wconf 78' lang='lat' dir='ltr'><strong>Panegyrico.</strong></span> <span class='ocrx_word' id='word_1_159' title='bbox 660 2243 724 2292; x_wconf 83' lang='lat' dir='ltr'><strong>Mox</strong></span> <span class='ocrx_word' id='word_1_160' title='bbox 737 2243 870 2292; x_wconf 75' lang='lat' dir='ltr'><strong>Romanam</strong></span> <span class='ocrx_word' id='word_1_161' title='bbox 881 2258 955 2309; x_wconf 79' lang='lat' dir='ltr'><strong>aquo</strong></span> <span class='ocrx_word' id='word_1_162' title='bbox 969 2245 1167 2308; x_wconf 84' lang='lat' dir='ltr'><strong>longiassstet</strong></span> <span class='ocrx_word' id='word_1_163' title='bbox 1185 2251 1238 2314; x_wconf 90' lang='lat' dir='ltr'><strong>pri·</strong></span> 
     </span>
     <span class='ocr_line' id='line_1_21' title="bbox 132 2307 1238 2379; baseline 0.005 -20"><span class='ocrx_word' id='word_1_164' title='bbox 132 2324 216 2359; x_wconf 84' lang='lat' dir='ltr'><strong>mores</strong></span> <span class='ocrx_word' id='word_1_165' title='bbox 229 2309 311 2356; x_wconf 79' lang='lat' dir='ltr'><strong>litera</strong></span> <span class='ocrx_word' id='word_1_166' title='bbox 323 2308 357 2356; x_wconf 90' lang='lat' dir='ltr'><strong>ab</strong></span> <span class='ocrx_word' id='word_1_167' title='bbox 369 2315 486 2358; x_wconf 85' lang='lat' dir='ltr'><strong>extremo</strong></span> <span class='ocrx_word' id='word_1_168' title='bbox 502 2307 677 2373; x_wconf 76' lang='lat' dir='ltr'><strong>precedentis</strong></span> <span class='ocrx_word' id='word_1_169' title='bbox 690 2307 761 2357; x_wconf 83' lang='lat' dir='ltr'><strong>verbi</strong></span> <span class='ocrx_word' id='word_1_170' title='bbox 774 2309 948 2361; x_wconf 79' lang='lat' dir='ltr'><strong>adhaeserunt.</strong></span> <span class='ocrx_word' id='word_1_171' title='bbox 975 2310 1078 2360; x_wconf 74' lang='lat' dir='ltr'><strong>Manum</strong></span> <span class='ocrx_word' id='word_1_172' title='bbox 1095 2315 1238 2379; x_wconf 81' lang='lat' dir='ltr'><strong>rescripse-</strong></span> 
     </span>
     <span class='ocr_line' id='line_1_22' title="bbox 132 2372 1239 2436; baseline 0.008 -14"><span class='ocrx_word' id='word_1_173' title='bbox 132 2389 185 2422; x_wconf 88' lang='lat' dir='ltr'><strong>ram</strong></span> <span class='ocrx_word' id='word_1_174' title='bbox 199 2374 231 2421; x_wconf 91' lang='lat' dir='ltr'><strong>de</strong></span> <span class='ocrx_word' id='word_1_175' title='bbox 244 2372 356 2436; x_wconf 85' lang='lat' dir='ltr'><strong>iugenio,</strong></span> <span class='ocrx_word' id='word_1_176' title='bbox 368 2374 435 2436; x_wconf 87' lang='lat' dir='ltr'><strong>qaod</strong></span> <span class='ocrx_word' id='word_1_177' title='bbox 447 2374 473 2422; x_wconf 92' lang='lat' dir='ltr'><strong>in</strong></span> <span class='ocrx_word' id='word_1_178' title='bbox 487 2373 625 2436; x_wconf 81' lang='lat' dir='ltr'><strong>Langianis</strong></span> <span class='ocrx_word' id='word_1_179' title='bbox 637 2373 738 2422; x_wconf 86' lang='lat' dir='ltr'><strong>schedis</strong></span> <span class='ocrx_word' id='word_1_180' title='bbox 757 2382 817 2434; x_wconf 91' lang='lat' dir='ltr'><strong>pest</strong></span> <span class='ocrx_word' id='word_1_181' title='bbox 827 2375 923 2436; x_wconf 87' lang='lat' dir='ltr'><strong>reperi.</strong></span> <span class='ocrx_word' id='word_1_182' title='bbox 958 2373 1093 2425; x_wconf 84' lang='lat' dir='ltr'><strong>Piratieum</strong></span> <span class='ocrx_word' id='word_1_183' title='bbox 1104 2377 1239 2436; x_wconf 71' lang='lat' dir='ltr'><strong>factiosam</strong></span> 
     </span>
     <span class='ocr_line' id='line_1_23' title="bbox 131 2437 1237 2503; baseline 0.005 -16"><span class='ocrx_word' id='word_1_184' title='bbox 131 2439 249 2503; x_wconf 87' lang='lat' dir='ltr'><strong>appellat</strong></span> <span class='ocrx_word' id='word_1_185' title='bbox 260 2439 377 2487; x_wconf 86' lang='lat' dir='ltr'><strong>Carausti</strong></span> <span class='ocrx_word' id='word_1_186' title='bbox 389 2447 488 2501; x_wconf 85' lang='lat' dir='ltr'><strong>partes,</strong></span> <span class='ocrx_word' id='word_1_187' title='bbox 498 2439 542 2502; x_wconf 89' lang='lat' dir='ltr'><strong>qui</strong></span> <span class='ocrx_word' id='word_1_188' title='bbox 554 2439 688 2500; x_wconf 86' lang='lat' dir='ltr'><strong>imperium</strong></span> <span class='ocrx_word' id='word_1_189' title='bbox 701 2438 725 2486; x_wconf 88' lang='lat' dir='ltr'><strong>in</strong></span> <span class='ocrx_word' id='word_1_190' title='bbox 740 2438 874 2487; x_wconf 89' lang='lat' dir='ltr'><strong>Britannis</strong></span> <span class='ocrx_word' id='word_1_191' title='bbox 884 2437 1035 2489; x_wconf 67' lang='lat' dir='ltr'><strong>invaserat!</strong></span> <span class='ocrx_word' id='word_1_192' title='bbox 1046 2440 1131 2492; x_wconf 82' lang='lat' dir='ltr'><strong>Liria.</strong></span> <span class='ocrx_word' id='word_1_193' title='bbox 1155 2445 1237 2494; x_wconf 73' lang='lat' dir='ltr'><strong>‘cdd</strong></span> 
     </span>
     <span class='ocr_line' id='line_1_24' title="bbox 132 2502 1238 2567; baseline 0.004 -14"><span class='ocrx_word' id='word_1_194' title='bbox 132 2504 202 2553; x_wconf 89' lang='lat' dir='ltr'><strong>Gud.</strong></span> <span class='ocrx_word' id='word_1_195' title='bbox 214 2505 289 2558; x_wconf 85' lang='lat' dir='ltr'><strong>alter,</strong></span> <span class='ocrx_word' id='word_1_196' title='bbox 307 2518 353 2566; x_wconf 90' lang='lat' dir='ltr'><strong>pro</strong></span> <span class='ocrx_word' id='word_1_197' title='bbox 375 2503 644 2564; x_wconf 81' lang='lat' dir='ltr'><strong>Gesorigiamreasiias‚</strong></span> <span class='ocrx_word' id='word_1_198' title='bbox 656 2510 686 2552; x_wconf 90' lang='lat' dir='ltr'><strong>ut</strong></span> <span class='ocrx_word' id='word_1_199' title='bbox 703 2502 781 2551; x_wconf 89' lang='lat' dir='ltr'><strong>babet</strong></span> <span class='ocrx_word' id='word_1_200' title='bbox 796 2503 876 2567; x_wconf 86' lang='lat' dir='ltr'><strong>Cusp.</strong></span> <span class='ocrx_word' id='word_1_201' title='bbox 889 2505 938 2553; x_wconf 88' lang='lat' dir='ltr'><strong>Rb.</strong></span> <span class='ocrx_word' id='word_1_202' title='bbox 949 2504 1041 2567; x_wconf 82' lang='lat' dir='ltr'><strong>Stepb.</strong></span> <span class='ocrx_word' id='word_1_203' title='bbox 1053 2506 1111 2556; x_wconf 86' lang='lat' dir='ltr'><strong>Lir.</strong></span> <span class='ocrx_word' id='word_1_204' title='bbox 1129 2508 1238 2560; x_wconf 80' lang='lat' dir='ltr'><strong>exbibet·</strong></span> 
     </span>
     <span class='ocr_line' id='line_1_25' title="bbox 134 2567 1236 2631; baseline 0.004 -12"><span class='ocrx_word' id='word_1_205' title='bbox 134 2569 383 2631; x_wconf 80' lang='lat' dir='ltr'><strong>Gergoviamcerrilmr</strong></span> <span class='ocrx_word' id='word_1_206' title='bbox 390 2581 401 2624; x_wconf 87' lang='lat'><strong>,·</strong></span> <span class='ocrx_word' id='word_1_207' title='bbox 417 2576 515 2624; x_wconf 82' lang='lat' dir='ltr'><strong>etmox</strong></span> <span class='ocrx_word' id='word_1_208' title='bbox 528 2582 574 2631; x_wconf 92' lang='lat' dir='ltr'><strong>pro</strong></span> <span class='ocrx_word' id='word_1_209' title='bbox 586 2581 664 2616; x_wconf 85' lang='lat' dir='ltr'><strong>errare</strong></span> <span class='ocrx_word' id='word_1_210' title='bbox 675 2567 760 2616; x_wconf 85' lang='lat' dir='ltr'><strong>misero</strong></span> <span class='ocrx_word' id='word_1_211' title='bbox 768 2567 909 2625; x_wconf 76' lang='lat' dir='ltr'><strong>Romanam,</strong></span> <span class='ocrx_word' id='word_1_212' title='bbox 922 2578 950 2618; x_wconf 88' lang='lat' dir='ltr'><strong>ut</strong></span> <span class='ocrx_word' id='word_1_213' title='bbox 962 2569 1010 2630; x_wconf 88' lang='lat' dir='ltr'><strong>illi,</strong></span> <span class='ocrx_word' id='word_1_214' title='bbox 1024 2571 1091 2619; x_wconf 88' lang='lat' dir='ltr'><strong>bene</strong></span> <span class='ocrx_word' id='word_1_215' title='bbox 1101 2586 1182 2622; x_wconf 84' lang='lat' dir='ltr'><strong>errare</strong></span> <span class='ocrx_word' id='word_1_216' title='bbox 1192 2574 1236 2623; x_wconf 84' lang='lat' dir='ltr'><strong>mi·</strong></span> 
     </span>
     <span class='ocr_line' id='line_1_26' title="bbox 129 2631 1237 2697; baseline 0.003 -14"><span class='ocrx_word' id='word_1_217' title='bbox 129 2649 292 2683; x_wconf 79' lang='lat' dir='ltr'><strong>assemanum.</strong></span> <span class='ocrx_word' id='word_1_218' title='bbox 320 2633 407 2682; x_wconf 85' lang='lat' dir='ltr'><strong>Moerl.</strong></span> <span class='ocrx_word' id='word_1_219' title='bbox 427 2634 582 2683; x_wconf 81' lang='lat' dir='ltr'><strong>Germaniam</strong></span> <span class='ocrx_word' id='word_1_220' title='bbox 599 2631 707 2681; x_wconf 79' lang='lat' dir='ltr'><strong>censibus</strong></span> <span class='ocrx_word' id='word_1_221' title='bbox 725 2633 800 2681; x_wconf 85' lang='lat' dir='ltr'><strong>muris</strong></span> <span class='ocrx_word' id='word_1_222' title='bbox 818 2638 874 2682; x_wconf 85' lang='lat' dir='ltr'><strong>tuac</strong></span> <span class='ocrx_word' id='word_1_223' title='bbox 889 2634 1034 2697; x_wconf 80' lang='lat' dir='ltr'><strong>pertinacem</strong></span> <span class='ocrx_word' id='word_1_224' title='bbox 1052 2651 1135 2686; x_wconf 84' lang='lat' dir='ltr'><strong>errore</strong></span> <span class='ocrx_word' id='word_1_225' title='bbox 1152 2639 1237 2689; x_wconf 81' lang='lat' dir='ltr'><strong>misem</strong></span> 
     </span>
     <span class='ocr_line' id='line_1_27' title="bbox 132 2696 1238 2761; baseline 0.005 -13"><span class='ocrx_word' id='word_1_226' title='bbox 132 2700 273 2749; x_wconf 76' lang='lat' dir='ltr'><strong>Romnum.</strong></span> <span class='ocrx_word' id='word_1_227' title='bbox 307 2699 457 2748; x_wconf 83' lang='lat' dir='ltr'><strong>Lectionem</strong></span> <span class='ocrx_word' id='word_1_228' title='bbox 479 2699 577 2761; x_wconf 87' lang='lat' dir='ltr'><strong>optime</strong></span> <span class='ocrx_word' id='word_1_229' title='bbox 595 2696 729 2746; x_wconf 83' lang='lat' dir='ltr'><strong>constituit</strong></span> <span class='ocrx_word' id='word_1_230' title='bbox 751 2698 836 2746; x_wconf 84' lang='lat' dir='ltr'><strong>Lirin.</strong></span> <span class='ocrx_word' id='word_1_231' title='bbox 853 2708 881 2747; x_wconf 87' lang='lat' dir='ltr'><strong>et</strong></span> <span class='ocrx_word' id='word_1_232' title='bbox 900 2700 937 2748; x_wconf 86' lang='lat' dir='ltr'><strong>sie</strong></span> <span class='ocrx_word' id='word_1_233' title='bbox 956 2699 1035 2748; x_wconf 92' lang='lat' dir='ltr'><strong>etiam</strong></span> <span class='ocrx_word' id='word_1_234' title='bbox 1053 2701 1087 2750; x_wconf 89' lang='lat' dir='ltr'><strong>ad</strong></span> <span class='ocrx_word' id='word_1_235' title='bbox 1104 2715 1177 2751; x_wconf 87' lang='lat' dir='ltr'><strong>oram</strong></span> <span class='ocrx_word' id='word_1_236' title='bbox 1196 2703 1238 2754; x_wconf 88' lang='lat' dir='ltr'><strong>ed.</strong></span> 
     </span>
     <span class='ocr_line' id='line_1_28' title="bbox 131 2761 1237 2828; baseline -0.007 -14"><span class='ocrx_word' id='word_1_237' title='bbox 131 2765 241 2815; x_wconf 83' lang='lat' dir='ltr'><strong>Froben.</strong></span> <span class='ocrx_word' id='word_1_238' title='bbox 250 2761 535 2828; x_wconf 83' lang='lat' dir='ltr'><strong>ascripsitSebonbor.’</strong></span> <span class='ocrx_word' id='word_1_239' title='bbox 545 2763 639 2824; x_wconf 75' lang='lat' dir='ltr'><strong>dago·</strong></span> <span class='ocrx_word' id='word_1_240' title='bbox 654 2761 768 2822; x_wconf 81' lang='lat' dir='ltr'><strong>Guelpb.</strong></span> <span class='ocrx_word' id='word_1_241' title='bbox 779 2763 858 2812; x_wconf 89' lang='lat' dir='ltr'><strong>babet</strong></span> <span class='ocrx_word' id='word_1_242' title='bbox 871 2763 1016 2825; x_wconf 74' lang='lat' dir='ltr'><strong>Gergoviam</strong></span> <span class='ocrx_word' id='word_1_243' title='bbox 1024 2765 1139 2826; x_wconf 65' lang='lat' dir='ltr'><strong>audon:</strong></span> <span class='ocrx_word' id='word_1_244' title='bbox 1158 2767 1237 2818; x_wconf 84' lang='lat' dir='ltr'><strong>Puta.</strong></span> 
     </span>
     <span class='ocr_line' id='line_1_29' title="bbox 129 2827 1238 2891; baseline 0.004 -12"><span class='ocrx_word' id='word_1_245' title='bbox 129 2828 199 2879; x_wconf 90' lang='lat' dir='ltr'><strong>olan.</strong></span> <span class='ocrx_word' id='word_1_246' title='bbox 217 2830 342 2879; x_wconf 84' lang='lat' dir='ltr'><strong>Gesoriarrr</strong></span> <span class='ocrx_word' id='word_1_247' title='bbox 358 2828 484 2886; x_wconf 62' lang='lat' dir='ltr'><strong>cauatam</strong></span> <span class='ocrx_word' id='word_1_248' title='bbox 508 2828 599 2891; x_wconf 88' lang='lat' dir='ltr'><strong>reliqui</strong></span> <span class='ocrx_word' id='word_1_249' title='bbox 619 2827 771 2888; x_wconf 83' lang='lat' dir='ltr'><strong>Gesorigiam</strong></span> <span class='ocrx_word' id='word_1_250' title='bbox 787 2827 901 2890; x_wconf 76' lang='lat' dir='ltr'><strong>reatibus,</strong></span> <span class='ocrx_word' id='word_1_251' title='bbox 920 2829 1003 2878; x_wconf 85' lang='lat' dir='ltr'><strong>donec</strong></span> <span class='ocrx_word' id='word_1_252' title='bbox 1023 2831 1238 2887; x_wconf 75' lang='lat' dir='ltr'><strong>Gesoriaeeasibsa</strong></span> 
     </span>
     <span class='ocr_line' id='line_1_30' title="bbox 111 2893 1237 2958; baseline 0 -14"><span class='ocrx_word' id='word_1_253' title='bbox 111 2901 113 2906; x_wconf 83' lang='lat'>&#39;</span> <span class='ocrx_word' id='word_1_254' title='bbox 129 2898 261 2958; x_wconf 82' lang='lat' dir='ltr'><strong>receperit</strong></span> <span class='ocrx_word' id='word_1_255' title='bbox 273 2895 351 2945; x_wconf 80' lang='lat' dir='ltr'><strong>Grut.</strong></span> <span class='ocrx_word' id='word_1_256' title='bbox 360 2893 428 2942; x_wconf 87' lang='lat' dir='ltr'><strong>Vide</strong></span> <span class='ocrx_word' id='word_1_257' title='bbox 441 2893 602 2943; x_wconf 87' lang='lat' dir='ltr'><strong>Nott.Varr.</strong></span> <span class='ocrx_word' id='word_1_258' title='bbox 626 2893 700 2948; x_wconf 83' lang='lat' dir='ltr'><strong>Mox,</strong></span> <span class='ocrx_word' id='word_1_259' title='bbox 713 2893 821 2942; x_wconf 73' lang='lat' dir='ltr'><strong>boensis</strong></span> <span class='ocrx_word' id='word_1_260' title='bbox 835 2893 908 2956; x_wconf 88' lang='lat' dir='ltr'><strong>legit,</strong></span> <span class='ocrx_word' id='word_1_261' title='bbox 919 2894 969 2943; x_wconf 80' lang='lat' dir='ltr'><strong>illia</strong></span> <span class='ocrx_word' id='word_1_262' title='bbox 980 2895 1125 2953; x_wconf 82' lang='lat' dir='ltr'><strong>marisretis</strong></span> <span class='ocrx_word' id='word_1_263' title='bbox 1135 2898 1237 2950; x_wconf 62' lang='lat' dir='ltr'><strong>munti</strong></span> 
     </span>
     <span class='ocr_line' id='line_1_31' title="bbox 126 2957 1237 3024; baseline 0.003 -14"><span class='ocrx_word' id='word_1_264' title='bbox 126 2966 210 3024; x_wconf 81' lang='lat' dir='ltr'><strong>partus</strong></span> <span class='ocrx_word' id='word_1_265' title='bbox 220 2961 309 3009; x_wconf 88' lang='lat' dir='ltr'><strong>ademit</strong></span> <span class='ocrx_word' id='word_1_266' title='bbox 315 2976 326 3017; x_wconf 94' lang='lat'><strong>,·</strong></span> <span class='ocrx_word' id='word_1_267' title='bbox 344 2959 471 3008; x_wconf 83' lang='lat' dir='ltr'><strong>Brouwer</strong></span> <span class='ocrx_word' id='word_1_268' title='bbox 487 2957 580 3006; x_wconf 83' lang='lat' dir='ltr'><strong>Annal.</strong></span> <span class='ocrx_word' id='word_1_269' title='bbox 592 2957 701 3008; x_wconf 80' lang='lat' dir='ltr'><strong>Trever.</strong></span> <span class='ocrx_word' id='word_1_270' title='bbox 713 2971 758 3006; x_wconf 79' lang='grc' dir='ltr'><strong>ιιι.</strong></span> <span class='ocrx_word' id='word_1_271' title='bbox 771 2972 796 3020; x_wconf 89' lang='lat' dir='ltr'><strong>p.</strong></span> <span class='ocrx_word' id='word_1_272' title='bbox 814 2962 871 3006; x_wconf 81' lang='lat'>199.</span> <span class='ocrx_word' id='word_1_273' title='bbox 899 2958 948 3007; x_wconf 82' lang='lat' dir='ltr'><strong>iilis</strong></span> <span class='ocrx_word' id='word_1_274' title='bbox 966 2960 1028 3007; x_wconf 83' lang='lat' dir='ltr'><strong>orari</strong></span> <span class='ocrx_word' id='word_1_275' title='bbox 1036 2959 1115 3017; x_wconf 78' lang='lat' dir='ltr'><strong>fretis</strong></span> <span class='ocrx_word' id='word_1_276' title='bbox 1132 2963 1237 3013; x_wconf 65' lang='lat' dir='ltr'><strong>musta</strong></span> 
     </span>
     <span class='ocr_line' id='line_1_32' title="bbox 126 3022 1236 3086; baseline 0.005 -14"><span class='ocrx_word' id='word_1_277' title='bbox 126 3030 211 3086; x_wconf 83' lang='lat' dir='ltr'><strong>portur</strong></span> <span class='ocrx_word' id='word_1_278' title='bbox 221 3024 309 3072; x_wconf 83' lang='lat' dir='ltr'><strong>ademit</strong></span> <span class='ocrx_word' id='word_1_279' title='bbox 316 3038 328 3080; x_wconf 82' lang='grc'><strong>,·</strong></span> <span class='ocrx_word' id='word_1_280' title='bbox 344 3023 486 3084; x_wconf 82' lang='lat' dir='ltr'><strong>Acidaliae,</strong></span> <span class='ocrx_word' id='word_1_281' title='bbox 503 3024 554 3072; x_wconf 81' lang='lat' dir='ltr'><strong>iilis</strong></span> <span class='ocrx_word' id='word_1_282' title='bbox 569 3022 625 3072; x_wconf 86' lang='lat' dir='ltr'><strong>olim</strong></span> <span class='ocrx_word' id='word_1_283' title='bbox 641 3037 706 3071; x_wconf 90' lang='lat' dir='ltr'><strong>mare</strong></span> <span class='ocrx_word' id='word_1_284' title='bbox 714 3022 791 3081; x_wconf 80' lang='lat' dir='ltr'><strong>fretis</strong></span> <span class='ocrx_word' id='word_1_285' title='bbox 806 3023 896 3072; x_wconf 77' lang='lat' dir='ltr'><strong>adaeus</strong></span> <span class='ocrx_word' id='word_1_286' title='bbox 904 3027 988 3086; x_wconf 83' lang='lat' dir='ltr'><strong>partus</strong></span> <span class='ocrx_word' id='word_1_287' title='bbox 998 3025 1087 3073; x_wconf 79' lang='lat' dir='ltr'><strong>ademit</strong></span> <span class='ocrx_word' id='word_1_288' title='bbox 1095 3040 1106 3081; x_wconf 89' lang='lat'><em>;</em></span> <span class='ocrx_word' id='word_1_289' title='bbox 1130 3026 1236 3077; x_wconf 84' lang='lat' dir='ltr'><strong>Bertias</strong></span> 
     </span>
     <span class='ocr_line' id='line_1_33' title="bbox 130 3087 1236 3153; baseline -0.003 -17"><span class='ocrx_word' id='word_1_290' title='bbox 130 3089 163 3137; x_wconf 90' lang='lat' dir='ltr'><strong>de</strong></span> <span class='ocrx_word' id='word_1_291' title='bbox 177 3089 275 3152; x_wconf 80' lang='lat' dir='ltr'><strong>Agger.</strong></span> <span class='ocrx_word' id='word_1_292' title='bbox 286 3102 346 3150; x_wconf 88' lang='lat' dir='ltr'><strong>eap.</strong></span> <span class='ocrx_word' id='word_1_293' title='bbox 359 3091 400 3136; x_wconf 86' lang='lat' dir='ltr'><strong>la.</strong></span> <span class='ocrx_word' id='word_1_294' title='bbox 416 3087 466 3136; x_wconf 84' lang='lat' dir='ltr'><strong>illis</strong></span> <span class='ocrx_word' id='word_1_295' title='bbox 476 3087 533 3135; x_wconf 88' lang='lat' dir='ltr'><strong>olim</strong></span> <span class='ocrx_word' id='word_1_296' title='bbox 544 3087 639 3144; x_wconf 74' lang='lat' dir='ltr'><strong>fretum</strong></span> <span class='ocrx_word' id='word_1_297' title='bbox 649 3088 740 3136; x_wconf 83' lang='lat' dir='ltr'><strong>alluens</strong></span> <span class='ocrx_word' id='word_1_298' title='bbox 749 3093 832 3150; x_wconf 87' lang='lat' dir='ltr'><strong>portas</strong></span> <span class='ocrx_word' id='word_1_299' title='bbox 846 3089 943 3138; x_wconf 82' lang='lat' dir='ltr'><strong>ademit.</strong></span> <span class='ocrx_word' id='word_1_300' title='bbox 974 3087 1089 3152; x_wconf 82' lang='lat' dir='ltr'><strong>Grrelpb·</strong></span> <span class='ocrx_word' id='word_1_301' title='bbox 1097 3096 1183 3153; x_wconf 78' lang='lat' dir='ltr'><strong>portae</strong></span> <span class='ocrx_word' id='word_1_302' title='bbox 1192 3095 1236 3142; x_wconf 69' lang='lat' dir='ltr'><strong>aa.</strong></span> 
     </span>
     <span class='ocr_line' id='line_1_34' title="bbox 128 3151 1237 3219; baseline 0.004 -17"><span class='ocrx_word' id='word_1_303' title='bbox 128 3158 185 3202; x_wconf 80' lang='lat' dir='ltr'><strong>ruat</strong></span> <span class='ocrx_word' id='word_1_304' title='bbox 191 3169 202 3211; x_wconf 88' lang='lat'><em>;</em></span> <span class='ocrx_word' id='word_1_305' title='bbox 221 3154 279 3203; x_wconf 83' lang='lat' dir='ltr'><strong>Vet.</strong></span> <span class='ocrx_word' id='word_1_306' title='bbox 292 3154 405 3203; x_wconf 88' lang='lat' dir='ltr'><strong>Putsao.</strong></span> <span class='ocrx_word' id='word_1_307' title='bbox 414 3153 492 3216; x_wconf 86' lang='lat' dir='ltr'><strong>portis</strong></span> <span class='ocrx_word' id='word_1_308' title='bbox 501 3153 589 3201; x_wconf 85' lang='lat' dir='ltr'><strong>adeant</strong></span> <span class='ocrx_word' id='word_1_309' title='bbox 600 3165 719 3201; x_wconf 81' lang='lat' dir='ltr'><strong>oceanum.</strong></span> <span class='ocrx_word' id='word_1_310' title='bbox 734 3151 817 3201; x_wconf 84' lang='lat' dir='ltr'><strong>·Ante</strong></span> <span class='ocrx_word' id='word_1_311' title='bbox 829 3152 906 3202; x_wconf 77' lang='lat' dir='ltr'><strong>Grut-</strong></span> <span class='ocrx_word' id='word_1_312' title='bbox 918 3151 1038 3202; x_wconf 86' lang='lat' dir='ltr'><strong>omissum</strong></span> <span class='ocrx_word' id='word_1_313' title='bbox 1055 3152 1107 3204; x_wconf 81' lang='lat' dir='ltr'><strong>fuit</strong></span> <span class='ocrx_word' id='word_1_314' title='bbox 1115 3170 1237 3219; x_wconf 66' lang='lat' dir='ltr'><strong>meam,</strong></span> 
     </span>
     <span class='ocr_line' id='line_1_35' title="bbox 130 3217 1237 3283; baseline 0.005 -16"><span class='ocrx_word' id='word_1_315' title='bbox 130 3220 277 3280; x_wconf 86' lang='lat' dir='ltr'><strong>neglectum</strong></span> <span class='ocrx_word' id='word_1_316' title='bbox 297 3232 398 3283; x_wconf 88' lang='lat' dir='ltr'><strong>quoque</strong></span> <span class='ocrx_word' id='word_1_317' title='bbox 416 3220 441 3266; x_wconf 91' lang='lat' dir='ltr'><strong>iu</strong></span> <span class='ocrx_word' id='word_1_318' title='bbox 461 3217 546 3266; x_wconf 82' lang='lat' dir='ltr'><strong>Risin.</strong></span> <span class='ocrx_word' id='word_1_319' title='bbox 558 3222 581 3267; x_wconf 91' lang='lat'><strong>1.</strong></span> <span class='ocrx_word' id='word_1_320' title='bbox 604 3217 692 3266; x_wconf 83' lang='lat' dir='ltr'><strong>ademit</strong></span> <span class='ocrx_word' id='word_1_321' title='bbox 709 3231 821 3266; x_wconf 83' lang='lat' dir='ltr'><strong>erearum</strong></span> <span class='ocrx_word' id='word_1_322' title='bbox 831 3218 894 3266; x_wconf 86' lang='lat' dir='ltr'><strong>Ver.</strong></span> <span class='ocrx_word' id='word_1_323' title='bbox 908 3218 1012 3267; x_wconf 76' lang='lat' dir='ltr'><strong>sertin.</strong></span> <span class='ocrx_word' id='word_1_324' title='bbox 1028 3219 1093 3268; x_wconf 83' lang='lat' dir='ltr'><strong>Erre.</strong></span> <span class='ocrx_word' id='word_1_325' title='bbox 1107 3220 1192 3283; x_wconf 82' lang='lat' dir='ltr'><strong>Laug.</strong></span> <span class='ocrx_word' id='word_1_326' title='bbox 1208 3231 1237 3273; x_wconf 84' lang='lat' dir='ltr'><strong>et</strong></span> 
     </span>
     <span class='ocr_line' id='line_1_36' title="bbox 128 3281 1238 3349; baseline 0.003 -15"><span class='ocrx_word' id='word_1_327' title='bbox 128 3285 288 3346; x_wconf 76' lang='lat' dir='ltr'><strong>empta-a</strong></span> <span class='ocrx_word' id='word_1_328' title='bbox 302 3284 402 3332; x_wconf 87' lang='lat' dir='ltr'><strong>Bertin.</strong></span> <span class='ocrx_word' id='word_1_329' title='bbox 417 3282 571 3332; x_wconf 84' lang='lat' dir='ltr'><strong>itiamairram</strong></span> <span class='ocrx_word' id='word_1_330' title='bbox 580 3286 663 3345; x_wconf 81' lang='lat' dir='ltr'><strong>portas</strong></span> <span class='ocrx_word' id='word_1_331' title='bbox 670 3297 681 3340; x_wconf 91' lang='lat'><strong>,·</strong></span> <span class='ocrx_word' id='word_1_332' title='bbox 708 3281 825 3344; x_wconf 82' lang='lat' dir='ltr'><strong>Guelplr.</strong></span> <span class='ocrx_word' id='word_1_333' title='bbox 843 3283 922 3334; x_wconf 62' lang='lat' dir='ltr'><strong>mum</strong></span> <span class='ocrx_word' id='word_1_334' title='bbox 932 3284 999 3332; x_wconf 85' lang='lat' dir='ltr'><strong>illum</strong></span> <span class='ocrx_word' id='word_1_335' title='bbox 1012 3283 1098 3347; x_wconf 80' lang='lat' dir='ltr'><strong>partia,</strong></span> <span class='ocrx_word' id='word_1_336' title='bbox 1108 3292 1238 3349; x_wconf 74' lang='lat' dir='ltr'><strong>qsemrts·</strong></span> 
     </span>
     <span class='ocr_line' id='line_1_37' title="bbox 128 3347 1236 3414; baseline -0.001 -16"><span class='ocrx_word' id='word_1_337' title='bbox 128 3349 197 3398; x_wconf 85' lang='lat' dir='ltr'><strong>tatis.</strong></span> <span class='ocrx_word' id='word_1_338' title='bbox 232 3351 304 3406; x_wconf 85' lang='lat' dir='ltr'><strong>Mox,</strong></span> <span class='ocrx_word' id='word_1_339' title='bbox 324 3349 369 3398; x_wconf 83' lang='lat' dir='ltr'><strong>loci</strong></span> <span class='ocrx_word' id='word_1_340' title='bbox 388 3347 470 3398; x_wconf 87' lang='lat' dir='ltr'><strong>deleri</strong></span> <span class='ocrx_word' id='word_1_341' title='bbox 488 3348 543 3396; x_wconf 85' lang='lat' dir='ltr'><strong>vult</strong></span> <span class='ocrx_word' id='word_1_342' title='bbox 563 3347 675 3396; x_wconf 81' lang='lat' dir='ltr'><strong>Cottius.</strong></span> <span class='ocrx_word' id='word_1_343' title='bbox 692 3347 793 3396; x_wconf 56' lang='lat' dir='ltr'><strong>vPaulo</strong></span> <span class='ocrx_word' id='word_1_344' title='bbox 816 3353 886 3410; x_wconf 85' lang='lat' dir='ltr'><strong>post,</strong></span> <span class='ocrx_word' id='word_1_345' title='bbox 903 3347 1035 3396; x_wconf 85' lang='lat' dir='ltr'><strong>Livineius</strong></span> <span class='ocrx_word' id='word_1_346' title='bbox 1054 3349 1125 3413; x_wconf 86' lang='lat' dir='ltr'><strong>conj.</strong></span> <span class='ocrx_word' id='word_1_347' title='bbox 1136 3348 1236 3414; x_wconf 72' lang='lat' dir='ltr'><strong>juraque</strong></span> 
     </span>
     <span class='ocr_line' id='line_1_38' title="bbox 127 3410 1235 3478; baseline 0.003 -16"><span class='ocrx_word' id='word_1_348' title='bbox 127 3415 200 3468; x_wconf 76' lang='lat' dir='ltr'><strong>autb,</strong></span> <span class='ocrx_word' id='word_1_349' title='bbox 211 3415 252 3476; x_wconf 70' lang='lat' dir='ltr'><strong>tra.</strong></span> <span class='ocrx_word' id='word_1_350' title='bbox 285 3413 489 3476; x_wconf 62' lang='lat' dir='ltr'><strong>midai-tamque</strong></span> <span class='ocrx_word' id='word_1_351' title='bbox 501 3413 564 3462; x_wconf 83' lang='lat' dir='ltr'><strong>rullo</strong></span> <span class='ocrx_word' id='word_1_352' title='bbox 576 3410 629 3472; x_wconf 79' lang='lat' dir='ltr'><strong>raj.</strong></span> <span class='ocrx_word' id='word_1_353' title='bbox 641 3411 750 3468; x_wconf 83' lang='lat' dir='ltr'><strong>iactares,</strong></span> <span class='ocrx_word' id='word_1_354' title='bbox 759 3427 828 3475; x_wconf 84' lang='lat' dir='ltr'><strong>qaum</strong></span> <span class='ocrx_word' id='word_1_355' title='bbox 839 3411 861 3460; x_wconf 89' lang='lat' dir='ltr'><strong>si</strong></span> <span class='ocrx_word' id='word_1_356' title='bbox 871 3413 957 3474; x_wconf 85' lang='lat' dir='ltr'><strong>redire,</strong></span> <span class='ocrx_word' id='word_1_357' title='bbox 967 3415 1008 3474; x_wconf 74' lang='lat' dir='ltr'><strong>ire.</strong></span> <span class='ocrx_word' id='word_1_358' title='bbox 1024 3413 1032 3439; x_wconf 87' lang='lat'>‘</span> <span class='ocrx_word' id='word_1_359' title='bbox 1044 3413 1235 3478; x_wconf 80' lang='lat' dir='ltr'><strong>conjecturam</strong></span> 
     </span>
     <span class='ocr_line' id='line_1_39' title="bbox 129 3474 1236 3542; baseline 0.001 -14"><span class='ocrx_word' id='word_1_360' title='bbox 129 3480 240 3528; x_wconf 81' lang='lat' dir='ltr'><strong>Lirineii</strong></span> <span class='ocrx_word' id='word_1_361' title='bbox 254 3478 279 3527; x_wconf 89' lang='lat' dir='ltr'><strong>in</strong></span> <span class='ocrx_word' id='word_1_362' title='bbox 294 3487 393 3528; x_wconf 87' lang='lat' dir='ltr'><strong>textum</strong></span> <span class='ocrx_word' id='word_1_363' title='bbox 406 3477 505 3540; x_wconf 83' lang='lat' dir='ltr'><strong>recepit</strong></span> <span class='ocrx_word' id='word_1_364' title='bbox 518 3476 660 3527; x_wconf 77' lang='lat' dir='ltr'><strong>Cellariusr</strong></span> <span class='ocrx_word' id='word_1_365' title='bbox 677 3474 707 3524; x_wconf 80' lang='lat' dir='ltr'><strong>ri</strong></span> <span class='ocrx_word' id='word_1_366' title='bbox 719 3481 832 3540; x_wconf 82' lang='lat' dir='ltr'><strong>tanquam</strong></span> <span class='ocrx_word' id='word_1_367' title='bbox 843 3483 870 3526; x_wconf 89' lang='lat' dir='ltr'><strong>et</strong></span> <span class='ocrx_word' id='word_1_368' title='bbox 881 3478 907 3525; x_wconf 86' lang='lat' dir='ltr'><strong>in</strong></span> <span class='ocrx_word' id='word_1_369' title='bbox 918 3477 1012 3526; x_wconf 84' lang='lat' dir='ltr'><strong>ceteris</strong></span> <span class='ocrx_word' id='word_1_370' title='bbox 1025 3477 1086 3526; x_wconf 87' lang='lat' dir='ltr'><strong>edd.</strong></span> <span class='ocrx_word' id='word_1_371' title='bbox 1105 3479 1236 3542; x_wconf 85' lang='lat' dir='ltr'><strong>omnibns,</strong></span> 
     </span>
     <span class='ocr_line' id='line_1_40' title="bbox 128 3540 1236 3606; baseline 0.001 -13"><span class='ocrx_word' id='word_1_372' title='bbox 128 3553 156 3593; x_wconf 89' lang='lat' dir='ltr'><strong>et</strong></span> <span class='ocrx_word' id='word_1_373' title='bbox 168 3544 194 3593; x_wconf 90' lang='lat' dir='ltr'><strong>in</strong></span> <span class='ocrx_word' id='word_1_374' title='bbox 207 3544 284 3594; x_wconf 82' lang='lat' dir='ltr'><strong>codd.</strong></span> <span class='ocrx_word' id='word_1_375' title='bbox 298 3544 367 3593; x_wconf 88' lang='lat' dir='ltr'><strong>Gud.</strong></span> <span class='ocrx_word' id='word_1_376' title='bbox 381 3551 408 3592; x_wconf 89' lang='lat' dir='ltr'><strong>et</strong></span> <span class='ocrx_word' id='word_1_377' title='bbox 419 3541 617 3603; x_wconf 87' lang='lat' dir='ltr'><strong>Moerl.legitur.</strong></span> <span class='ocrx_word' id='word_1_378' title='bbox 650 3540 702 3590; x_wconf 87' lang='lat' dir='ltr'><strong>Sed</strong></span> <span class='ocrx_word' id='word_1_379' title='bbox 708 3540 814 3605; x_wconf 76' lang='lat' dir='ltr'><strong>jamque,</strong></span> <span class='ocrx_word' id='word_1_380' title='bbox 833 3549 860 3590; x_wconf 89' lang='lat' dir='ltr'><strong>et</strong></span> <span class='ocrx_word' id='word_1_381' title='bbox 871 3547 966 3604; x_wconf 81' lang='lat' dir='ltr'><strong>iamque</strong></span> <span class='ocrx_word' id='word_1_382' title='bbox 976 3542 1062 3602; x_wconf 89' lang='lat' dir='ltr'><strong>aptius</strong></span> <span class='ocrx_word' id='word_1_383' title='bbox 1072 3556 1131 3592; x_wconf 86' lang='lat' dir='ltr'><strong>essa</strong></span> <span class='ocrx_word' id='word_1_384' title='bbox 1144 3543 1236 3606; x_wconf 55' lang='lat' dir='ltr'><strong>pareri</strong></span> 
     </span>
     <span class='ocr_line' id='line_1_41' title="bbox 127 3606 1235 3678; baseline 0 -19"><span class='ocrx_word' id='word_1_385' title='bbox 127 3611 219 3672; x_wconf 62' lang='lat' dir='ltr'><strong>leger.</strong></span> <span class='ocrx_word' id='word_1_386' title='bbox 253 3610 360 3660; x_wconf 72' lang='lat' dir='ltr'><strong>Sebeda</strong></span> <span class='ocrx_word' id='word_1_387' title='bbox 370 3608 465 3678; x_wconf 31' lang='lat' dir='ltr'><strong>&#39;Laugil</strong></span> <span class='ocrx_word' id='word_1_388' title='bbox 480 3609 512 3658; x_wconf 87' lang='lat' dir='ltr'><strong>ad</strong></span> <span class='ocrx_word' id='word_1_389' title='bbox 523 3621 588 3670; x_wconf 77' lang='lat' dir='ltr'><strong>qaae,</strong></span> <span class='ocrx_word' id='word_1_390' title='bbox 600 3619 647 3670; x_wconf 86' lang='lat' dir='ltr'><strong>pro</strong></span> <span class='ocrx_word' id='word_1_391' title='bbox 658 3606 734 3671; x_wconf 82' lang='lat' dir='ltr'><strong>quasi.</strong></span> <span class='ocrx_word' id='word_1_392' title='bbox 767 3606 835 3656; x_wconf 83' lang='lat' dir='ltr'><strong>Edd·</strong></span> <span class='ocrx_word' id='word_1_393' title='bbox 845 3607 927 3672; x_wconf 80' lang='lat' dir='ltr'><strong>antiq.</strong></span> <span class='ocrx_word' id='word_1_394' title='bbox 937 3607 1104 3657; x_wconf 68' lang='lat' dir='ltr'><strong>desiisset-⁸</strong></span> <span class='ocrx_word' id='word_1_395' title='bbox 1119 3609 1235 3665; x_wconf 60' lang='grc' dir='ltr'><strong>Μαι</strong></span> 
     </span>
    </p>
   </div>
   <div class='ocr_carea' id='block_1_6' title="bbox 626 3753 737 3805">
    <p class='ocr_par' dir='ltr' id='par_1_6' title="bbox 626 3753 737 3805">
     <span class='ocr_line' id='line_1_42' title="bbox 626 3753 737 3805; baseline 0 -1"><span class='ocrx_word' id='word_1_396' title='bbox 626 3753 737 3805; x_wconf 82' lang='lat' dir='ltr'><strong>NOTAE</strong></span> 
     </span>
    </p>
   </div>
   <div class='ocr_carea' id='block_1_7' title="bbox 126 3849 1235 4299">
    <p class='ocr_par' dir='ltr' id='par_1_7' title="bbox 126 3849 1235 4299">
     <span class='ocr_line' id='line_1_43' title="bbox 159 3849 1234 3919; baseline 0.001 -15"><span class='ocrx_word' id='word_1_397' title='bbox 159 3863 172 3896; x_wconf 70' lang='lat' dir='ltr'><strong>s</strong></span> <span class='ocrx_word' id='word_1_398' title='bbox 184 3853 392 3904; x_wconf 82' lang='lat' dir='ltr'><strong>Gesoriaeensibar</strong></span> <span class='ocrx_word' id='word_1_399' title='bbox 398 3849 483 3914; x_wconf 85' lang='lat' dir='ltr'><strong>muris]</strong></span> <span class='ocrx_word' id='word_1_400' title='bbox 491 3850 659 3900; x_wconf 80' lang='lat' dir='ltr'><strong>Gesoriacum</strong></span> <span class='ocrx_word' id='word_1_401' title='bbox 701 3865 760 3900; x_wconf 87' lang='lat' dir='ltr'><strong>cum</strong></span> <span class='ocrx_word' id='word_1_402' title='bbox 772 3850 840 3898; x_wconf 91' lang='lat' dir='ltr'><strong>bane</strong></span> <span class='ocrx_word' id='word_1_403' title='bbox 854 3849 973 3899; x_wconf 87' lang='lat' dir='ltr'><strong>Eumenii</strong></span> <span class='ocrx_word' id='word_1_404' title='bbox 984 3850 1115 3916; x_wconf 80' lang='lat' dir='ltr'><strong>integrum</strong></span> <span class='ocrx_word' id='word_1_405' title='bbox 1128 3859 1156 3904; x_wconf 88' lang='lat' dir='ltr'><strong>et</strong></span> <span class='ocrx_word' id='word_1_406' title='bbox 1167 3868 1234 3919; x_wconf 68' lang='lat' dir='ltr'><strong>pra·</strong></span> 
     </span>
     <span class='ocr_line' id='line_1_44' title="bbox 126 3926 984 3996; baseline -0.007 -16"><span class='ocrx_word' id='word_1_407' title='bbox 126 3931 196 3980; x_wconf 88' lang='lat' dir='ltr'><strong>idem</strong></span> <span class='ocrx_word' id='word_1_408' title='bbox 218 3931 285 3996; x_wconf 85' lang='lat' dir='ltr'><strong>quod</strong></span> <span class='ocrx_word' id='word_1_409' title='bbox 309 3946 377 3980; x_wconf 86' lang='lat' dir='ltr'><strong>nune</strong></span> <span class='ocrx_word' id='word_1_410' title='bbox 399 3929 524 3979; x_wconf 87' lang='lat' dir='ltr'><strong>Bononia.</strong></span> <span class='ocrx_word' id='word_1_411' title='bbox 564 3928 659 3979; x_wconf 83' lang='lat' dir='ltr'><strong>Galliae</strong></span> <span class='ocrx_word' id='word_1_412' title='bbox 701 3926 887 3988; x_wconf 88' lang='lat' dir='ltr'><strong>tereaPaneg.</strong></span> <span class='ocrx_word' id='word_1_413' title='bbox 901 3931 984 3974; x_wconf 72' lang='lat' dir='ltr'><strong>vir-6.</strong></span> 
     </span>
     <span class='ocr_line' id='line_1_45' title="bbox 127 4000 1235 4070; baseline -0.001 -14"><span class='ocrx_word' id='word_1_414' title='bbox 127 4009 303 4070; x_wconf 84' lang='lat' dir='ltr'><strong>portusjurta</strong></span> <span class='ocrx_word' id='word_1_415' title='bbox 316 4006 490 4067; x_wconf 89' lang='lat' dir='ltr'><strong>Britanniam,</strong></span> <span class='ocrx_word' id='word_1_416' title='bbox 501 4019 552 4069; x_wconf 92' lang='lat' dir='ltr'><strong>quo</strong></span> <span class='ocrx_word' id='word_1_417' title='bbox 565 4005 660 4054; x_wconf 83' lang='lat' dir='ltr'><strong>Carae·</strong></span> <span class='ocrx_word' id='word_1_418' title='bbox 732 4001 837 4058; x_wconf 74' lang='lat' dir='ltr'><strong>‘Quasi</strong></span> <span class='ocrx_word' id='word_1_419' title='bbox 856 4000 946 4064; x_wconf 85' lang='lat' dir='ltr'><strong>redire]</strong></span> <span class='ocrx_word' id='word_1_420' title='bbox 977 4002 1102 4053; x_wconf 81' lang='lat' dir='ltr'><strong>Fortasse</strong></span> <span class='ocrx_word' id='word_1_421' title='bbox 1124 4007 1158 4056; x_wconf 81' lang='lat' dir='ltr'><strong>aa</strong></span> <span class='ocrx_word' id='word_1_422' title='bbox 1177 4021 1235 4070; x_wconf 76' lang='lat' dir='ltr'><strong>qam</strong></span> 
     </span>
     <span class='ocr_line' id='line_1_46' title="bbox 126 4077 1233 4145; baseline 0.001 -14"><span class='ocrx_word' id='word_1_423' title='bbox 126 4082 178 4131; x_wconf 85' lang='lat' dir='ltr'><strong>sius</strong></span> <span class='ocrx_word' id='word_1_424' title='bbox 190 4096 221 4130; x_wconf 83' lang='lat' dir='ltr'><strong>ex</strong></span> <span class='ocrx_word' id='word_1_425' title='bbox 234 4083 327 4145; x_wconf 85' lang='lat' dir='ltr'><strong>piratis</strong></span> <span class='ocrx_word' id='word_1_426' title='bbox 345 4084 398 4132; x_wconf 88' lang='lat' dir='ltr'><strong>suis</strong></span> <span class='ocrx_word' id='word_1_427' title='bbox 416 4081 482 4132; x_wconf 83' lang='lat' dir='ltr'><strong>bene</strong></span> <span class='ocrx_word' id='word_1_428' title='bbox 501 4080 594 4129; x_wconf 90' lang='lat' dir='ltr'><strong>multos</strong></span> <span class='ocrx_word' id='word_1_429' title='bbox 613 4082 660 4130; x_wconf 89' lang='lat' dir='ltr'><strong>im·</strong></span> <span class='ocrx_word' id='word_1_430' title='bbox 698 4077 776 4128; x_wconf 87' lang='lat' dir='ltr'><strong>redire</strong></span> <span class='ocrx_word' id='word_1_431' title='bbox 788 4077 906 4139; x_wconf 80' lang='lat' dir='ltr'><strong>desiisset,</strong></span> <span class='ocrx_word' id='word_1_432' title='bbox 922 4083 952 4125; x_wconf 90' lang='lat' dir='ltr'><strong>ut</strong></span> <span class='ocrx_word' id='word_1_433' title='bbox 963 4077 1096 4127; x_wconf 85' lang='lat' dir='ltr'><strong>Livineius</strong></span> <span class='ocrx_word' id='word_1_434' title='bbox 1115 4080 1151 4130; x_wconf 87' lang='lat' dir='ltr'><strong>ad</strong></span> <span class='ocrx_word' id='word_1_435' title='bbox 1162 4094 1233 4132; x_wconf 86' lang='lat' dir='ltr'><strong>oran</strong></span> 
     </span>
     <span class='ocr_line' id='line_1_47' title="bbox 127 4152 1233 4224; baseline -0.006 -18"><span class='ocrx_word' id='word_1_436' title='bbox 127 4160 245 4219; x_wconf 86' lang='lat' dir='ltr'><strong>miserat,</strong></span> <span class='ocrx_word' id='word_1_437' title='bbox 257 4160 299 4222; x_wconf 88' lang='lat' dir='ltr'><strong>qui</strong></span> <span class='ocrx_word' id='word_1_438' title='bbox 310 4165 411 4209; x_wconf 87' lang='lat' dir='ltr'><strong>eeteros</strong></span> <span class='ocrx_word' id='word_1_439' title='bbox 423 4158 449 4207; x_wconf 90' lang='lat' dir='ltr'><strong>in</strong></span> <span class='ocrx_word' id='word_1_440' title='bbox 463 4163 519 4208; x_wconf 91' lang='lat' dir='ltr'><strong>toto</strong></span> <span class='ocrx_word' id='word_1_441' title='bbox 529 4155 578 4205; x_wconf 88' lang='lat' dir='ltr'><strong>boe</strong></span> <span class='ocrx_word' id='word_1_442' title='bbox 591 4163 659 4207; x_wconf 86' lang='lat' dir='ltr'><strong>trae·</strong></span> <span class='ocrx_word' id='word_1_443' title='bbox 699 4154 820 4204; x_wconf 88' lang='lat' dir='ltr'><strong>editionis</strong></span> <span class='ocrx_word' id='word_1_444' title='bbox 831 4169 884 4211; x_wconf 81' lang='lat' dir='ltr'><strong>srrre</strong></span> <span class='ocrx_word' id='word_1_445' title='bbox 892 4152 1015 4206; x_wconf 86' lang='lat' dir='ltr'><strong>observat</strong></span> <span class='ocrx_word' id='word_1_446' title='bbox 1024 4168 1059 4204; x_wconf 86' lang='lat' dir='ltr'><strong>ex</strong></span> <span class='ocrx_word' id='word_1_447' title='bbox 1069 4155 1233 4224; x_wconf 69' lang='lat' dir='ltr'><strong>Langiiean.</strong></span> 
     </span>
     <span class='ocr_line' id='line_1_48' title="bbox 127 4233 878 4299; baseline -0.008 -14"><span class='ocrx_word' id='word_1_448' title='bbox 127 4243 155 4285; x_wconf 90' lang='lat' dir='ltr'><strong>tu</strong></span> <span class='ocrx_word' id='word_1_449' title='bbox 176 4244 323 4299; x_wconf 83' lang='lat' dir='ltr'><strong>grassantes</strong></span> <span class='ocrx_word' id='word_1_450' title='bbox 342 4242 499 4288; x_wconf 87' lang='lat' dir='ltr'><strong>tutarentur.</strong></span> <span class='ocrx_word' id='word_1_451' title='bbox 533 4233 602 4284; x_wconf 86' lang='lat' dir='ltr'><strong>Vide</strong></span> <span class='ocrx_word' id='word_1_452' title='bbox 619 4234 658 4283; x_wconf 91' lang='lat' dir='ltr'><strong>lo·</strong></span> <span class='ocrx_word' id='word_1_453' title='bbox 694 4233 810 4297; x_wconf 78' lang='lat' dir='ltr'><strong>jactura.</strong></span> <span class='ocrx_word' id='word_1_454' title='bbox 875 4258 878 4263; x_wconf 92' lang='lat'>·</span> 
     </span>
    </p>
   </div>
   <div class='ocr_carea' id='block_1_8' title="bbox 0 0 1370 4726">
    <p class='ocr_par' dir='ltr' id='par_1_8' title="bbox 0 0 1370 4726">
     <span class='ocr_line' id='line_1_49' title="bbox 0 0 1370 4726; baseline 0 3"><span class='ocrx_word' id='word_1_455' title='bbox 0 0 1370 4726; x_wconf 95' lang='lat' dir='ltr'><strong> </strong></span> 
     </span>
    </p>
   </div>
  </div>
 </body>
</html>
