2730 4726
446 161 461 198 ἱ

467 322 524 370 rr..
547 318 706 370 curuum
731 282 900 369 suriani.
1148 306 1234 373 1497

130 472 190 549 ait,
200 467 594 552 Augustumacclamant
609 467 764 533 Parisiis.
808 467 846 533 Is
862 466 976 532 statim
998 468 1130 551 legatos
1145 466 1232 534 Con·

127 571 384 656 stantinopolim
408 571 453 637 ad
481 570 714 636 Constantium
740 589 815 635 cum
841 569 944 635 literis
964 570 1079 647 mittit,
1107 573 1233 657 quibus

127 677 213 742 facti
228 676 281 738 sui
293 675 454 742 rationem
468 672 632 738 redderet.
677 673 728 737 Hi
745 672 835 757 apud
847 671 1040 738 Caesaream
1052 673 1233 759 Cappado-

128 778 207 843 ciae.
226 777 369 860 superbe
394 775 603 858 accipiuntur
625 795 647 840 a
670 773 885 841 Constantio.
929 773 1045 854 Quare
1074 776 1233 844 Julianus

129 880 328 964 Trajectum
341 878 386 943 ad
405 878 541 943 Mosam
565 877 649 957 abit,
674 877 795 943 deinde
820 879 1022 944 Hattuarios
1046 878 1233 945 Galliarum

131 991 285 1049 extrema
307 988 480 1048 vastantes
496 987 530 1048 et
546 1000 694 1060 securos,
709 981 802 1066 quod
818 1001 856 1046 se
871 983 1023 1047 locorum
1041 981 1136 1047 aditu
1150 982 1233 1047 diffi-

80 1106 82 1113 ’
130 1085 250 1152 cilium
264 1085 426 1170 praesidio
444 1073 596 1150 munitos
616 1085 798 1165 crederent,
818 1082 990 1170 opprimit,
1004 1091 1038 1150 et
1051 1085 1094 1151 ad
1110 1105 1232 1170 pacem

129 1189 308 1274 petendam
324 1188 441 1272 adigit.
485 1188 573 1254 Tum
596 1186 742 1253 Viennae
765 1186 910 1273 hyemat,
926 1195 962 1253 et
976 1189 1234 1274 quinquennalia

131 1293 289 1358 celebrat.
333 1291 389 1356 Ibi
410 1290 483 1376 ejus
496 1311 586 1355 uxor
601 1290 740 1355 Helena
761 1291 843 1368 obit,
857 1291 1000 1376 ejusque
1019 1310 1140 1376 corpus
1163 1291 1233 1356 Ro-

131 1413 223 1459 mam
238 1395 390 1459 mittitur.
435 1393 576 1458 Interim
591 1392 614 1457 J
617 1393 747 1458 uliauus
762 1392 916 1458 diffidens
926 1393 1072 1458 futurum
1084 1412 1233 1477 unquam

132 1495 407 1564 ut'Constantius
428 1496 627 1582 placaretur,
648 1497 767 1561 statuit
789 1501 903 1580 aperto
925 1495 1036 1561 Marte
1060 1496 1234 1580 imperium

131 1606 239 1665 totum
254 1619 433 1684 occupare.
478 1598 603 1684 Itaque
617 1599 753 1685 scriptis
765 1598 808 1663 ad
823 1599 975 1664 diversas
990 1599 1146 1663 civitates
1161 1599 1234 1664 lite-

131 1704 192 1783 ris,
204 1704 328 1788 quibus
342 1710 381 1767 ut
392 1702 459 1766 sibi
471 1700 588 1766 fideles
602 1708 716 1767 essent
730 1708 965 1780 commoneret,
977 1703 1012 1765 in
1025 1701 1234 1769 Pannoniam

132 1806 225 1871 venit
239 1808 355 1870 contra
370 1805 604 1871 Constantium
619 1804 848 1870 dimicaturus.

152 2002 199 2068 A.
211 2002 256 2068 U.
270 2002 309 2070 G.
323 2019 462 2069 ucxrv.
484 2002 612 2068 Christi
628 2019 778 2068 ccccxi.
803 2002 991 2069 Constantii
1007 2001 1095 2087 Aug.
1112 2021 1211 2069 xxv.

496 2105 628 2171 Juliani
642 2106 751 2172 AEtat.
769 2121 873 2171 xxx.
1021 2103 1023 2108 ’

137 2285 141 2289 ,
178 2225 384 2292 Constantio
401 2224 556 2308 Augusto
571 2227 607 2291 in
622 2224 839 2310 expeditione
863 2224 1004 2290 Persica
1026 2243 1130 2309 prope
1152 2224 1233 2290 Tar·

133 2351 212 2396 sum
233 2347 292 2396 111.
319 2328 439 2394 Nonas
463 2327 542 2392 Oct.
564 2335 707 2406 mortuo,
721 2327 1235 2411 JulianusConstantinopolim,
1356 2409 1358 2413 ¹

132 2432 310 2499 Alamanis
326 2433 448 2496 iterum
468 2430 581 2510 victis,
600 2430 828 2515 ordinatisque
843 2430 965 2496 Galliis
979 2436 1081 2508 recta,
1096 2416 1234 2494 conten·

132 2537 205 2604 dit:
228 2554 272 2600 ex
285 2535 418 2618 imperii
431 2533 611 2619 primariis,
635 2533 797 2598 amicisve
814 2530 1016 2623 Constantii,
1031 2531 1118 2596 alios
1139 2551 1233 2608 nece,

132 2638 222 2705 alios
236 2629 377 2702 mulctat
390 2637 506 2701 exilio.
549 2635 746 2717 Episcopos
769 2635 892 2698 exules
915 2642 1063 2713 revocat,
1081 2638 1181 2718 atque
1196 2643 1235 2697 ut

131 2742 261 2807 mutuis
274 2740 427 2806 dissidiis
443 2759 519 2804 sese
533 2739 730 2822 affligerent,
745 2758 848 2823 quam
866 2738 1010 2823 quisque
1035 2738 1136 2803 vellet
1158 2751 1233 2803 sec·-

131 2849 203 2910 tam
219 2843 314 2928 sequi
329 2843 503 2927 permittit.
529 2837 756 2905 Christianam
772 2841 965 2923 religionem
980 2841 1089 2926 palam
1106 2840 1235 2925 ejurat3

131 2966 197 3012 nec
221 2946 337 3011 minus·
357 2943 534 3009 crudeliter
559 2962 661 3026 quam
687 2943 808 3007 callide
835 2944 1040 3020 insectatum
1063 2944 1234 3026 gentilium

132 3049 262 3134 templa
282 3055 407 3113 reserat
428 3046 614 3131 reficitque,
637 3045 760 3130 etipse
778 3047 813 3110 in
835 3046 1030 3130 pontificem
1052 3047 1235 3114 maximum

132 3152 284 3237 profanis
299 3152 418 3216 ritibus
432 3155 661 3213 consecratur.

210 3333 255 3400 A.
275 3333 316 3400 U
326 3331 365 3398 G.
382 3349 501 3399 ucxv.
535 3302 660 3397 christi
676 3347 844 3416 cecuxrr.
876 3330 1007 3397 Juliani
1022 3332 1109 3418 Imp.
1128 3352 1155 3399 1.

562 3437 670 3503 AEtat.
690 3452 812 3502 xxxr.

177 3555 236 3622 Ad
249 3557 422 3623 lulianum
436 3557 539 3621 variae
555 3556 700 3642 undique
715 3557 902 3645 legationes
918 3557 1105 3622 adveniunt.
1150 3559 1231 3643 Ipse

133 3669 253 3727 contra
282 3660 405 3731 Persas
434 3658 652 3743 proficiscens
679 3659 915 3724 Nicomediam
944 3666 978 3723 et
1003 3667 1233 3743 transgressus

133 3763 325 3829 Antiochiae
346 3763 494 3847 hyemat.
537 3762 609 3826 Hic
625 3762 742 3826 irrisus
758 3763 801 3825 ab
816 3760 1112 3840 Antiochensibus,
1131 3764 1233 3849 inpri-

133 3868 266 3951 misque
274 3865 379 3951 jactis
393 3866 428 3929 in
442 3864 515 3949 ejus
528 3866 676 3944 barbam,
687 3883 762 3949 quae
775 3865 851 3948 plus
863 3886 964 3949 aequo
975 3867 1138 3949 prolixior
1151 3873 1232 3946 erat,

134 3970 296 4048 dicteriis,
309 3971 414 4035 iratus
426 3970 567 4052 primum
582 3975 655 4049 est3
678 3975 747 4034 tum
765 3969 902 4033 satirico
918 3975 953 4032 et
961 3969 1118 4053 jocorum
1134 3970 1232 4053 pleno

132 4073 262 4150 libello,
277 4092 377 4156 quem
393 4070 666 4156 Misopogonem,
680 4071 716 4136 id
732 4057 795 4150 est,
812 4091 943 4136 osorem
959 4071 1074 4135 barbae
1090 4072 1233 4157 inscrip-

133 4177 191 4255 sit,
213 4195 271 4240 eos
296 4175 512 4259 perstrinxit3
538 4176 573 4240 in
600 4194 669 4260 quo
691 4186 858 4261 perpetua
879 4175 988 4240 ironia
1011 4175 1141 4241 videtur
1167 4195 1233 4244 son
