2730 4726
250 778 552 892 'JAEGERI
602 776 997 876 ΡΒΕῈἈΤΙΟ.Ι

121 1296 406 1365 Sculrronmus
430 1299 555 1384 priscis
570 1304 729 1364 accurate
748 1296 961 1363 recensendis
973 1301 1007 1362 et
1021 1296 1180 1381 interpre-

74 1400 191 1465 tandis
208 1408 337 1467 tantum
353 1403 512 1487 temporis
528 1407 561 1467 et
581 1422 696 1486 operae
712 1402 776 1467 riri
792 1401 892 1479 docti,
908 1400 1000 1485 iique
1016 1399 1178 1483 permulti,

73 1501 324 1585 impenderunt,
339 1512 378 1569 ut
399 1504 510 1569 omnia
527 1505 600 1590 jam
616 1512 790 1588 praecepta
806 1522 892 1580 esse,
908 1521 1093 1585 omnesque
1112 1501 1178 1566 hac

72 1603 112 1668 in
125 1624 160 1667 re
174 1605 309 1670 labores
324 1606 447 1672 frustra
461 1613 495 1670 et
510 1613 632 1671 temore
651 1607 781 1690 suscipi
803 1605 967 1670 nonnullis
990 1604 1179 1670 videantur.

73 1703 166 1782 Quae
191 1709 370 1783 sententia,
397 1708 480 1772 licet
508 1728 614 1792 prope
640 1708 730 1772 absit
754 1726 775 1771 a
798 1709 951 1786 veritate,
977 1713 1178 1772 tamennon

70 1813 188 1891 potest
200 1809 249 1875 ita
264 1830 399 1895 prorsus
415 1810 563 1894 probari,
579 1816 630 1887 ut,
646 1811 681 1874 in
697 1829 818 1892 magna
841 1811 1015 1893 copiarum
1039 1807 1177 1873 affluen-

70 1911 124 1974 tia
136 1913 233 1977 nobis
248 1914 362 1998 aliqua
376 1913 507 1991 deesse,
522 1919 557 1978 et
571 1932 638 1977 non
658 1933 775 1977 omnes
796 1912 931 1977 omnino
946 1918 1103 1977 auctores
1119 1931 1176 1976 ve·

70 2018 157 2078 teres
181 2014 253 2098 pari
273 2014 407 2080 fortuna
425 2034 506 2079 usos
523 2034 610 2091 esse,
627 2033 694 2078 non
717 2032 953 2096 agnoscamus.
998 2013 1174 2092 Interam,

69 2117 132 2200 qui
146 2115 214 2181 fere
230 2118 373 2201 neglecti
394 2116 505 2182 adhuc
523 2115 717 2201 jacuerunt,
742 2122 819 2181 sunt
845 2116 996 2199 profecto
1021 2114 1176 2200 Panegy-

67 2217 164 2283 ristae
189 2219 253 2298 illi,
277 2227 312 2284 et
337 2219 530 2284 laudatores
558 2219 752 2303 Principum
784 2217 1022 2294 Romanorum,
1054 2221 1125 2303 qui,
1153 2239 1174 2284 a

68 2320 278 2386 Diocletiani
291 2322 369 2386 iude
384 2327 483 2386 aetate
501 2341 605 2405 usque
619 2318 663 2387 ad
675 2326 826 2405 tempora
837 2321 1034 2399 Theodosii,
1047 2322 1174 2405 ingenii

66 2429 102 2488 et
117 2423 284 2489 facundiae
300 2424 399 2488 laude
415 2424 459 2488 ad
476 2423 682 2501 Ciceronem,
696 2443 736 2488 ac
752 2423 914 2503 Plinium,
927 2431 963 2488 et
977 2432 1015 2489 ut
1029 2426 1173 2509 quisque

65 2525 141 2589 illis
165 2531 215 2590 est
240 2527 428 2609 proximus,
457 2525 704 2609 aspiraverunt.
751 2526 879 2604 Obfuit‚
910 2533 1007 2610 puto,
1034 2529 1171 2593 oratori-

64 2627 136 2692 bus
157 2627 211 2692 his
227 2627 398 2713 judicium
419 2647 546 2707 eorum,
570 2630 640 2712 qui,
665 2649 741 2693 cum
762 2628 839 2693 illos
862 2649 883 2693 a
911 2648 993 2694 vera
1013 2629 1172 2715 loquendi

65 2748 188 2795 norma
209 2729 371 2795 interdum
392 2730 557 2806 recedere,
572 2735 605 2795 et
623 2732 758 2796 levibus
782 2739 885 2814 atque
900 2731 1055 2795 inanibus
1075 2733 1173 2795 sonis

63 2831 213 2898 ludibria
228 2832 384 2916 quaedam
398 2834 547 2899 excitare
562 2832 720 2912 viderent,
733 2852 851 2925 parum
868 2833 935 2896 sihi
950 2832 1083 2916 placere
1098 2851 1168 2897 ma·

63 2934 221 3000 colosum
254 2936 344 3000 istud
371 2941 404 3001 et
429 2935 620 3018 argutulum
650 2955 753 3019 genus
779 2934 912 2999 dicendi
939 2924 1170 2999 ostenderunt.¹

62 3037 195 3104 Verum
220 3039 286 3103 hoc
309 3058 374 3103 non
403 3038 503 3104 debet
523 3058 566 3103 eo
585 3038 710 3116 valere,
726 3046 765 3104 ut
779 3036 931 3121 legendis
947 3037 1167 3120 scriptoribus

61 3141 156 3206 hisce
171 3141 369 3223 stribliginis
392 3148 429 3206 et
444 3142 642 3224 ineptiarum
658 3143 857 3224 contagione
875 3140 1098 3228 contaminari
1113 3160 1167 3205 ar·

61 3241 236 3306 bitremur.
281 3240 372 3307 Nam
387 3250 513 3325 praeter
529 3262 629 3325 quam
652 3243 742 3327 quod
760 3243 924 3327 optimum
939 3243 1106 3328 quemque
1121 3244 1166 3308 ad

61 3344 261 3409 imitandum
277 3343 343 3410 sibi
358 3339 618 3430 proposuerunt,
635 3348 702 3431 ipsi
717 3349 761 3413 ab
776 3347 919 3430 ingenio,
931 3345 1072 3434 artibus,
1084 3346 1166 3412 duc·

61 3447 159 3512 trinis
175 3446 260 3512 adeo
276 3447 370 3512 fuere
384 3449 553 3530 instructi,
567 3455 605 3514 ut
620 3449 696 3534 jure
721 3469 761 3516 ac
784 3450 904 3515 merito
919 3448 1083 3515 studiosis
1096 3449 1164 3514 elo-

92 3683 106 3709 ⁸
122 3674 237 3726 Collatos
255 3672 288 3724 ad
304 3673 380 3725 codd.
392 3682 420 3725 et
437 3674 498 3726 edd.
510 3676 596 3733 Pana,
634 3674 870 3739 stannatum.
883 3673 1045 3741 eandemque
1061 3675 1103 3727 hic
1119 3689 1165 3725 cx·

60 3753 166 3818 gyrinos
177 3751 260 3800 edidit
270 3751 302 3800 V.
311 3751 340 3802 C.
349 3751 514 3816 Norimberg.
521 3757 593 3804 ltro.
633 3751 726 3812 tribe03
744 3751 857 3802 ralterurn
875 3752 938 3801 tomi
955 3766 988 3802 rr.
1006 3753 1088 3808 omisi,
1102 3753 1163 3816 qnia

59 3822 164 3879 duobus
190 3825 373 3890 voluminibus,
396 3843 502 3892 qnorum
530 3830 592 3879 utri·
634 3829 773 3894 pracipes.
792 3828 930 3891 Pacatum,
957 3836 985 3876 et
1013 3829 1163 3892 (josippum,

58 3921 110 3971 que
122 3903 307 3954 pretationem
319 3905 453 3968 pronum.
474 3904 591 3957 Alteram
632 3921 706 3971 quiem
717 3905 872 3968 adjunxerat
884 3905 914 3952 V.
923 3904 953 3954 C.
961 3910 1069 3967 spectat.
1093 3905 1163 3956 Ortus·

57 3983 122 4032 tomi
136 3996 155 4031 r.
168 3983 193 4030 in
205 3980 355 4045 quibusdam
369 3988 506 4046 mutatam,
516 3997 591 4046 repe·
632 3999 694 4036 vero
712 3984 738 4032 in
756 3989 865 4047 utruque
882 3983 1003 4045 leguntur
1022 3981 1163 4032 Schenckii

56 4060 174 4110 tiitauta
188 4057 594 4122 AppendicemObseruationnm
632 4060 834 4119 emendationes,
854 4077 902 4111 suo
923 4063 980 4111 loco
1002 4062 1071 4113 notis
1094 4063 1162 4112 insa·

56 4138 90 4187 ad
104 4136 281 4202 Panegyricos
295 4135 415 4202 Veteres,
424 4137 591 4202 Norimberg.
632 4137 725 4191 rendae
737 4139 834 4190 curavi.
850 4138 937 4188 Arata.
972 4158 974 4162 ⁴
