2730 4726
180 320 267 387 1236
569 331 734 383 uuuauu
760 331 901 381 onusto

180 481 213 533 In
223 479 276 531 tina
286 478 423 544 presidem
436 484 511 542 rogat
522 483 552 526 ut
562 476 594 526 sd
607 475 634 526 id
646 489 750 540 operam
767 489 838 525 suam
855 473 1007 538 interponat
1023 472 1094 539 sputi
1109 473 1282 538 imperatores

212 570 240 614 et
254 563 381 624 Caesares,
397 576 446 625 quo
465 559 547 623 possit
562 565 591 608 et
607 573 701 608 uorum
717 559 765 608 iroe
781 571 870 607 eornm
888 556 914 605 iu
931 556 1020 606 literas
1038 554 1193 606 beneficium
1212 557 1281 606 eele-

209 645 296 705 brare,
312 651 340 692 et
358 642 443 707 pneris
461 640 602 690 eorundem
620 639 753 703 victorias,
769 653 832 704 quas
851 637 936 688 obiter
954 643 1081 701 recenset,
1097 634 1244 702 descriptas
1257 638 1282 686 iu

212 724 354 791 porticibus
367 722 514 783 ostendere,
526 735 584 785 cap.
596 734 645 770 xx.

180 922 270 989 Gar.
294 939 320 985 1.
364 921 395 983 1.
419 895 598 986 Curruu
624 920 750 998 habeo,
774 918 821 986 V.
837 919 988 999 P.,·non
1008 920 1142 1008 quidem
1165 926 1208 999 te,
1225 918 1281 1005 qui

179 1044 312 1110 semper
326 1024 362 1087 in
377 1024 469 1087 omni
484 1042 602 1106 genere
617 1023 756 1089 dicendi
777 1025 927 1089 maxima
949 1023 1111 1090 facultate
1129 1020 1281 1106 viguisti,

179 1127 239 1191 sed
262 1127 548 1191 circumstantium
578 1127 756 1212 plerosquo
782 1127 907 1206 mirari,
934 1127 1026 1211 quod
1052 1146 1127 1210 ego,
1152 1127 1211 1210 qui
1237 1129 1281 1193 ab

178 1229 312 1295 ineunte
329 1230 557 1295 adolescentia
572 1249 681 1313 usque
705 1229 739 1292 in
759 1227 846 1294 hune
871 1230 958 1295 diem
978 1249 1147 1313 nunqnam
1162 1229 1232 1293 isto
1246 1229 1282 1294 in

178 1330 280 1397 iocob
294 1332 447 1407 dixerim,
462 1341 497 1396 et
508 1332 856 1416 quantulumcumque
868 1333 952 1399 iliud
962 1340 1028 1412 est,
1039 1333 1153 1417 quoad
1163 1333 1281 1397 labore

178 1453 219 1500 ae
244 1434 417 1517 diligentia
439 1434 558 1499 videar
581 1442 795 1512 consecutum
810 1454 966 1500 exercere
986 1437 1153 1520 privatim,
1177 1454 1281 1519 quam

178 1538 212 1601 in
231 1537 306 1601 foro
321 1537 453 1621 jactare
476 1537 657 1614 maluerim,
678 1554 766 1600 nuno
781 1536 929 1616 demum,
947 1557 1022 1604 sero
1038 1537 1187 1624 quodam
1202 1539 1281 1602 tiro·

179 1638 279 1718 einio,
295 1639 337 1704 ad
353 1640 523 1704 insolitum
539 1639 621 1704 mihi
635 1639 783 1704 tribunal
797 1641 963 1724 aspirem:
986 1642 1019 1706 2.
1034 1661 1056 1706 a
1067 1659 1134 1724 quo
1149 1659 1214 1722 ego
1228 1659 1281 1705 me

131 1817 137 1826 .
176 1741 295 1820 fateor,
310 1762 502 1830 quanquam
517 1742 599 1807 mihi
619 1741 717 1806 sedes
739 1742 807 1807 ists
823 1743 967 1827 justitiae
990 1750 1024 1808 et
1046 1743 1089 1808 ad
1112 1743 1282 1827 egendum

178 1845 272 1910 etad
288 1844 464 1910 dicendum
482 1844 715 1928 amplissima⁰
731 1843 908 1923 videretur,
931 1844 1075 1910 diffisum
1097 1850 1210 1911 tamen
1231 1846 1281 1909 iu·

178 1949 274 2030 genio
285 1968 373 2030 meo,
386 1949 529 2015 antehae
539 1947 687 2012 abfuisse
701 1966 710 2011 :
732 1951 765 2011 ot
774 1946 840 2012 hoe
851 1948 929 2031 ipso
940 1948 975 2013 in
986 1955 1149 2032 tempore,
1160 1942 1284 2032 quam-'

639 2094 815 2116 ΟΙΟΟΟΙΝΟΙΝ

210 2188 390 2240 Tituinmfere
403 2189 614 2240 omittunteodd.
641 2189 864 2240 Prsrartasrmrdis
875 2188 960 2239 isirin.
969 2194 998 2239 et
1009 2189 1127 2252 plurimas
1139 2187 1203 2239 edri.
1231 2191 1282 2246 Pro

177 2255 341 2304 matamorus
352 2255 411 2304 add.
424 2256 539 2304 Rirenan.
552 2256 584 2304 R.
594 2263 622 2304 et
633 2255 668 2305 Η.
679 2256 769 2319 steph.
780 2263 808 2304 et
820 2255 906 2305 Ririu.
932 2253 1130 2304 Esmot'ioretio
1141 2255 1283 2319 maturis
1311 2314 1313 2318 Α

176 2319 341 2370 instaurandis
350 2318 427 2370 codd.
439 2319 551 2369 Puteau.
1194 2340 1216 2359 -,·
1311 2326 1312 2330 ’

211 2384 281 2433 (ian.
294 2397 315 2434 t.
350 2389 362 2434 l
375 2384 429 2434 Pro
444 2384 475 2434 V.
485 2385 517 2435 P.
530 2382 597 2449 qnod
609 2382 685 2432 codd.
696 2390 723 2434 et
733 2383 793 2434 edo.
805 2383 937 2448 antiquiss.
950 2383 1083 2443 exhibent,
1096 2383 1139 2432 Vir
1151 2383 1282 2445 Persaett‘o·

177 2447 236 2496 aiom
247 2448 375 2499 dederunt
388 2449 466 2499 Grot.
482 2457 510 2499 et
528 2449 571 2514 qui
591 2449 674 2498 acenti
693 2457 763 2506 sont,
782 2449 860 2498 etiam
873 2450 1002 2500 Schrrrras
1014 2456 1040 2500 et
1052 2448 1151 2512 Juger.
1163 2462 1239 2512 sequa
1249 2452 1282 2500 aa

177 2511 239 2561 isse
248 2513 311 2563 diam
322 2514 444 2565 Baidttiu.
460 2515 568 2564 dixeram
579 2514 691 2577 Gneipir.
724 2516 796 2570 Mox,
806 2514 866 2563 edd.
875 2522 939 2563 vett.
955 2517 1017 2577 quoi
1026 2514 1105 2563 toton
1114 2527 1143 2562 ne
1152 2513 1283 2576 diamur

177 2578 258 2628 stam
264 2594 275 2638 ‚·
286 2579 424 2630 lectionem
436 2587 551 2630 nostram
563 2594 578 2628 e
591 2581 649 2628 eod.
660 2579 774 2644 Grreipir.
786 2579 902 2643 reposuit
912 2579 1003 2629 Amta.
1017 2593 1153 2628 aurearum
1165 2579 1283 2641 prim

177 2641 339 2708 Gricium-2
357 2645 463 2707 cuspin.
475 2645 558 2694 Lirin.
572 2645 688 2694 Rirenon.
697 2646 787 2709 steph.
798 2645 832 2693 ai.
842 2651 908 2695 vett.
925 2659 1057 2708 quanquam
1067 2645 1150 2703 aedan
1168 2642 1230 2694 Vct·
1238 2645 1282 2694 ts-

177 2708 229 2756 rin·
240 2706 342 2759 Bertiu.
355 2710 519 2775 Gaetulum.
531 2711 609 2761 (irat.
621 2716 649 2759 et
659 2716 758 2760 teuent.
776 2724 907 2774 quosquam
916 2708 1060 2759 mitiores.
1093 2709 1180 2758 Ririn.
1189 2711 1217 2760 ὓ.
1231 2723 1282 2759 ast·

173 2772 283 2836 plurimo
293 2775 411 2826 sidentur.
444 2776 518 2832 Mox,
529 2775 590 2826 add.
603 2783 666 2825 vett.
681 2775 794 2838 abfuisse,
803 2781 831 2824 et
849 2775 886 2825 sie
901 2776 979 2822 etiam
995 2774 1096 2823 Bertiu.
1111 2772 1202 2832 &sisae
1218 2774 1281 2823 Vet.

177 2839 262 2888 Lirin.
273 2849 299 2888 et
311 2841 372 2892 edd.
385 2849 496 2890 recentt.
511 2841 651 2891 abstinuisse
660 2841 725 2903 conj.
736 2840 850 2890 urnam
858 2838 960 2889 Actoat.
975 2839 1072 2900 ingestio
1082 2853 1119 2888 sne
1128 2839 1231 2888 aoratos
1240 2839 1281 2888 ab·

171 2903 251 2967 faisse
270 2904 330 2956 edd.
349 2907 454 2957 Putaui.
474 2907 592 2957 Rhenes.
612 2906 648 2958 Η.
664 2906 757 2970 steph.
774 2903 897 2956 Baiduiu.
914 2911 943 2955 et
963 2903 1049 2955 Rivis.
1060 2908 1085 2954 1.
1102 2902 1280 2955 uude'Aruta.

184 3137 222 3185 ..⁸
240 3131 267 3182 V.
279 3131 323 3196 P.]
334 3132 482 3196 Cornpeiiat
493 3132 632 3196 praesidem
643 3132 708 3190 Gal·¹
747 3131 857 3181 Helena
882 3137 911 3181 et
940 3129 1105 3185 Constantini
1130 3128 1223 3192 Betria
1249 3137 1279 3193 ot

176 3207 219 3259 tio
230 3207 413 3272 Lugdunensis
426 3209 706 3275 primae,sotsquoerat
748 3207 823 3269 Fide,
844 3207 912 3257 imno
931 3205 1084 3272 prefectum
1108 3203 1190 3257 fnisse
1212 3206 1281 3257 Cou-

176 3283 314 3335 AEduensis
327 3285 400 3335 ditio.
433 3287 502 3336 Nam
520 3294 547 3335 ut
567 3285 706 3351 protectus
746 3286 870 3334 stantium
891 3283 1012 3334 Chiorum
1034 3288 1116 3345 putat.
1152 3283 1191 3333 En
1211 3284 1280 3337 enim

178 3361 705 3429 ¹oririsirgloriosissimustiieebutrrnpraa·
747 3369 874 3425 tempore,
894 3376 946 3425 quo
964 3360 1033 3410 diets
1053 3371 1093 3410 est
1110 3359 1166 3411 nee
1184 3363 1280 3423 oratio,

177 3435 241 3492 teeti
254 3440 708 3505 pretorioperlliyricum‚viriemi·
748 3437 929 3488 Constantium
947 3450 997 3485 nou
1015 3442 1172 3498 senatorem,
1186 3445 1234 3487 aot
1250 3444 1280 3487 ot
1303 3493 1308 3500 ,

177 3515 340 3576 uentissimi3
358 3517 408 3566 riri
425 3516 585 3581 spectabitis,
598 3513 706 3580 praeiee·
747 3515 792 3564 ilie
809 3516 856 3571 ait,
874 3513 944 3563 urbis
963 3511 1110 3576 presidem,
1126 3513 1172 3562 seri
1191 3506 1277 3565 cara·

178 3596 219 3639 tut
232 3589 338 3654 AEgypti
352 3609 360 3652 3
378 3588 424 3640 riri
437 3591 582 3646 clarissimi,
594 3598 708 3640 rectores
748 3607 801 3642 rem
814 3591 894 3640 fnisse
905 3592 987 3655 liquet
997 3605 1030 3640 ex
1041 3590 1091 3640 hae
1102 3589 1232 3645 oratioue.

176 3664 365 3730 provinciarum
371 3682 379 3726 ;
394 3666 431 3716 sie
444 3664 537 3717 Gallias
549 3681 655 3731 praeses,
667 3667 708 3716 sir
778 3667 791 3702 δ
808 3668 859 3719 Isto
870 3668 895 3718 in
907 3668 968 3732 ioco]
987 3667 1019 3717 Id
1039 3673 1088 3723 eat,
1105 3665 1131 3715 iu
1149 3663 1219 3730 foro,
1236 3668 1278 3719 ubi

177 3740 381 3806 perfectissimos
394 3743 583 3792 nominabatur.
615 3741 706 3792 Videri
746 3745 836 3795 habita
855 3753 895 3794 est
913 3747 970 3794 haee
987 3743 1079 3805 oratio,
1096 3740 1280 3806 Augustoduni

177 3823 266 3880 potest
277 3818 334 3868 eod.
346 3817 378 3868 de
390 3817 629 3870 Perfectisaimatos
641 3820 705 3883 Dig·
746 3834 832 3871 eorarn
843 3820 897 3870 viro
910 3815 1113 3870 Perfeotissimo.
1280 3869 1283 3874 .

177 3893 322 3958 uitate‚iib.
334 3909 373 3944 rr.
389 3894 526 3945 Assentior
537 3903 623 3944 autem
639 3896 706 3959 poti·
776 3903 787 3930 ⁰
806 3897 840 3946 Et
861 3897 893 3945 od
914 3899 1052 3957 agendum.
1070 3885 1282 3967 &astutissistd

177 3985 208 4020 us
219 3971 359 4034 Bucherio,
376 3973 514 4034 praesidem
536 3973 607 4021 iilum
625 3971 705 4022 fuisse
747 3971 864 4022 sumtum
880 3971 983 4021 videtur
1000 3971 1064 4022 illud
1082 3987 1114 4022 ex
1132 3975 1207 4026 initio
1224 3991 1281 4026 ors·

175 4045 304 4105 Rieeium,
320 4056 364 4098 aut
376 4048 493 4099 Riecium
504 4049 612 4105 Varum,
631 4064 707 4112 quem
749 4050 828 4100 tionis
849 4064 899 4113 pro
916 4049 984 4111 nego
1005 4049 1123 4115 Manilia,
1144 4059 1226 4117 atque
1245 4068 1279 4103 ex

177 4123 253 4184 volgo
270 4125 448 4175 Rietiorsrurn
468 4125 611 4189 appeliant,
631 4138 707 4188 qrraro
748 4140 855 4192 01,un
871 4125 1002 4178 Divinatio
1019 4125 1045 4176 io
1063 4126 1170 4179 Verrem
1189 4129 1280 4180 iuteri-

177 4195 299 4263 Atiordo,
313 4202 358 4267 qui
377 4202 403 4252 in
425 4201 492 4252 tibio
512 4215 558 4253 suo
577 4202 609 4252 de
632 4202 706 4254 Lucii
748 4203 827 4257 bitur.
