2730 4726
409 334 955 402 oonsrsnrrnoauo.1x.20.
1046 326 1048 331 ’
1139 332 1228 419 1429
1305 333 1309 339 ’

130 502 286 582 spectare
307 500 500 580 potueruat3
522 495 581 580 qui
603 500 681 560 tuas
705 501 795 560 esset
815 495 923 577 fulgor
946 495 1131 571 oculorum,
1149 515 1226 579 quae

130 598 403 682 totius-corporis
418 597 619 664 circumfusa
633 598 802 682 majestas,
817 617 894 682 quae
909 597 978 662 oris
993 597 1151 679 dignitas.
1194 599 1228 662 7.

129 701 290 767 Gaudere
312 701 427 765 cuncti
449 701 716 785 spectaculorum
738 720 843 779 mora,
864 707 899 765 et
919 699 1137 765 familiaribus
1161 700 1227 766 sibi

129 803 316 870 artificibus
340 804 384 867 ab
408 802 472 868 boc
498 804 607 868 solam
626 803 751 881 favere,
771 803 862 887 quod
882 809 915 868 te
934 807 1098 888 praesente
1120 810 1227 868 certa-

129 905 228 972 rent!
317 909 325 919 “

175 1007 267 1073 Car.
289 1021 361 1070 xx.
398 1006 431 1071 l.
455 1005 544 1071 Nam
563 1006 643 1091 quid
663 1027 724 1091 ego
740 1006 781 1071 de
796 1005 864 1071 tuis
886 1007 921 1070 in
942 1007 1035 1071 auria
1051 1007 1228 1072 sententiis

129 1115 232 1193 atque
252 1109 337 1174 actis
356 1108 501 1193 loquarl
522 1111 647 1194 quibus
663 1109 797 1173 senatui
812 1110 1041 1174 auctoritatem
1057 1110 1228 1192 pristinam

128 1211 317 1298 reddidisti,
333 1213 487 1289 salutem,
502 1231 602 1294 quam
618 1217 722 1296 perte
737 1217 937 1295 receperant,
952 1230 1016 1274 uon
1032 1212 1229 1294 imputasti}

128 1315 321 1379 memoriam
344 1313 419 1397 ejus
441 1314 488 1378 iu.
498 1322 633 1397 pectore
655 1320 711 1378 tuo
735 1314 967 1396 sempiternam
990 1313 1058 1377 fore
1081 1333 1228 1397 spopon-

129 1416 224 1482 disti.
265 1418 299 1483 2.
323 1416 480 1484 Dicerem
507 1417 603 1499 plura
627 1416 669 1480 de
694 1416 818 1480 divinis
842 1416 1050 1480 orationibus
1076 1415 1157 1492 tuis,
1183 1415 1227 1481 de

130 1518 249 1584 oblata
270 1520 397 1604 potius,
421 1539 523 1602 quam
549 1520 737 1603 impetratu,
759 1519 981 1601 benignitate3
1008 1518 1073 1583 nisi
1094 1519 1228 1585 mallem
1271 1531 1275 1544 ·

130 1622 224 1687 dieta
252 1624 402 1702 reticere,
427 1623 508 1686 dum
539 1642 682 1706 propero
711 1623 803 1688 facta
827 1621 972 1688 laudare.
1031 1621 1229 1702 Quamlibet

129 1727 237 1790 verba
257 1731 316 1790 tua
336 1726 371 1789 iu
393 1737 513 1790 senatu
534 1726 651 1790 habita
669 1726 766 1790 nobis
786 1732 865 1790 nota
881 1725 957 1802 sint,
975 1733 1099 1802 tamen,
1111 1727 1228 1810 qualia

129 1826 266 1907 fuerint,
281 1827 469 1894 clementiae
492 1836 558 1893 tuae
581 1829 687 1911 gloria
706 1830 887 1894 nuntiavit.
931 1828 962 1892 3.
986 1827 1164 1893 Otandem
1179 1829 1229 1893 fe-

130 1930 182 1995 lix
197 1931 300 2011 civili,
316 1932 439 2008 Roma,
455 1933 598 1998 victoria
608 1933 636 1998 1⁴
656 1933 775 2016 irrupit
789 1933 870 1998 olim
886 1940 919 1998 te
932 1932 1041 1997 Cinna
1055 1931 1229 2015 furiosus,¹²

129 2040 165 2097 et
187 2033 320 2098 Marius
342 2030 471 2113 iratus,i
491 2035 551 2118 qui
568 2054 634 2098 aon
653 2035 729 2100 solo
749 2055 786 2100 se
801 2035 937 2101 Octavii
952 2036 1098 2100 consulis
1114 2036 1228 2119 capite
1280 2053 1283 2057 ·

162 2214 174 2249 ⁵
190 2216 279 2269 Amore
289 2233 368 2268 omres
384 2233 473 2268 moram
485 2235 537 2281 aare
554 2226 615 2269 esset
631 2220 657 2269 irs
668 2220 815 2284 spectaculis,
829 2225 852 2270 et
870 2226 937 2270 notes
954 2219 1002 2270 sibi
1014 2218 1162 2281 gladiatores
1171 2221 1228 2271 adeo

130 2296 221 2340 mare,
231 2288 325 2333 tautum
334 2286 395 2348 quau
404 2290 538 2347 pugnarent
547 2300 626 2334 corant
636 2291 668 2334 te.
1196 2300 1198 2307 ¹
1220 2331 1225 2348 ,,

134 2381 137 2386 -
162 2355 174 2381 θ
191 2348 299 2397 Noluisti
309 2356 336 2399 ut
349 2364 418 2412 auom
429 2352 464 2398 eis
473 2351 547 2399 uitam
557 2365 673 2406 servaras,
684 2349 790 2416 beneficii
800 2350 848 2400 loco
859 2365 874 2398 a
885 2354 910 2400 te
920 2355 1039 2413 acceptam
1048 2351 1175 2412 referrent.

162 2410 177 2444 θ
194 2413 272 2464 Beata
283 2414 361 2464 Rama
370 2421 466 2478 propter
478 2415 571 2465 eisdem
581 2415 712 2464 uictoriam.

587 2556 771 2579 “mo

130 2643 237 2705 tumst,
255 2638 353 2690 Acidal.
365 2640 433 2704 conj.
444 2645 564 2708 optaraab
576 2649 621 2691 aut
632 2647 784 2704 putaverant,
798 2641 828 2709 (i.
846 2656 869 2690 e.
881 2641 1072 2706 aestimarunt3)
1087 2643 1128 2692 rel
1137 2643 1228 2708 petire·

128 2709 203 2772 rarsi.
238 2705 311 2768 Mox,
322 2706 440 2769 latiasque
454 2708 559 2768 carparis
570 2707 679 2768 crispin.
699 2709 815 2758 Rhenan.
834 2709 924 2772 Steplr.
935 2709 1018 2758 Lirin.
1030 2709 1114 2758 Rivia.
1128 2713 1150 2759 l.
1175 2725 1228 2773 pars

129 2769 206 2818 telius
216 2773 319 2832 corporis
330 2771 429 2819 Bestia.
442 2770 520 2821 Grut.
531 2780 558 2820 et
570 2782 682 2821 recenti.

163 2834 232 2884 Cau.
245 2847 294 2885 xx.
311 2841 327 2884 2
341 2836 490 2898 thuameie
500 2837 571 2885 rerba
583 2837 742 2887 salesbiria.
761 2837 896 2893 Quamlibet
905 2837 976 2886 rerba
995 2838 1055 2887 Vct.
1068 2836 1151 2885 Lirin.
1165 2838 1229 2886 Ber·

130 2897 178 2948 tin.
190 2900 299 2963 Caspia.
310 2902 442 2964 ceterique
454 2900 528 2949 codd.
542 2911 569 2950 et
587 2901 647 2950 edd.
672 2904 762 2952 ‘Unde
778 2903 846 2950 solas
858 2904 941 2952 edidit
951 2903 1034 2952 Livia.
1067 2903 1103 2951 Et
1113 2905 1228 2966 quamuis,

128 2962 242 3026 ignora!
257 2965 345 3014 Arate.
372 2966 443 3015 nobis
452 2967 534 3027 ignata
545 2967 594 3015 siat
610 2966 679 3030 conj.
692 2967 776 3016 Lirin.
789 2975 816 3016 et
828 2966 928 3016 Acidal.
965 2982 990 3015 ιι.
1006 2971 1063 3016 nota
1072 2974 1128 3017 sant
1140 2969 1227 3019 merl:

129 3029 199 3079 utta
208 3044 256 3079 ιιιιι
268 3035 325 3079 aeta
336 3031 386 3080 siret
396 3032 543 3094 legen-8
555 3032 656 3080 Bestia.
667 3048 710 3094 ap.
724 3033 804 3083 Livia.
816 3034 906 3082 tectim
921 3032 998 3094 Sylla.
1030 3033 1124 3082 ‘Unde
1136 3037 1228 3096 quande

129 3095 180 3146 ab
196 3097 266 3145 salus
283 3096 403 3146 ediderat
413 3097 499 3147 Lirin.
509 3097 617 3161 ignoro-⁹
630 3097 720 3149 Arate.
754 3099 796 3162 qai
812 3112 860 3148 ιιιιι
871 3099 918 3149 solo
937 3099 1000 3149 Vet.
1018 3098 1102 3148 lirin.
1121 3100 1236 3164 Caepio.

159 3325 173 3361 ι
192 3315 296 3381 Diebus]
313 3317 439 3368 solennes
459 3316 604 3380 hujusmodi
624 3319 662 3366 ia·
698 3318 926 3368 inimicascecidit.
959 3317 1061 3377 Iterum
1081 3326 1109 3367 et
1123 3320 1227 3375 tertiam

130 3407 234 3457 atessam
252 3393 443 3456 largitionibus,
466 3394 541 3453 lodis¹
560 3400 662 3458 specta·
698 3395 829 3444 consulem
840 3395 953 3456 seipsam
966 3393 1040 3444 fecit.
1057 3394 1228 3445 Quartocon·

130 3471 194 3525 culis
204 3470 331 3521 celebrari
343 3471 434 3520 solitos
449 3470 545 3520 nemini
557 3484 607 3519 aon
619 3485 663 3520 uo·
698 3472 784 3519 salaro
796 3487 852 3520 cum
866 3471 961 3521 bellam
970 3479 1060 3520 contra
1072 3472 1170 3535 Syllam
1184 3487 1227 3535 pa·

130 3555 195 3597 tum·
397 3593 398 3596 ,
608 3594 609 3598 ,
699 3548 905 3604 raret‚Anconue
923 3548 956 3597 ob
974 3549 1228 3599 nimiamoradelita-

140 3664 142 3671 ,
162 3622 175 3657 ¹²
194 3623 273 3674 Cissa
280 3622 402 3687 seriores]
420 3625 451 3672 Ι..
463 3624 566 3679 Carnel.
578 3625 663 3674 Cinna
699 3633 750 3674 tem
763 3625 796 3673 ab
808 3625 923 3674 exercitu
944 3625 1072 3688 lapidatus
1089 3632 1138 3673 est.
1171 3621 1228 3690 Αρ-Ι

129 3700 215 3766 primo
232 3701 369 3751 consulatu
388 3701 472 3762 legem
492 3701 525 3751 de
545 3702 662 3751 exulibus
699 3703 768 3766 pian.
787 3701 819 3750 de
840 3702 908 3751 Bell.
925 3703 1001 3753 civil.
1024 3701 1178 3752 Plutarchus
1200 3700 1227 3749 ia

129 3776 283 3827 revocandis
292 3775 389 3838 ferens,
398 3777 431 3826 ab
441 3776 550 3828 Octavio
561 3779 663 3841 collega
698 3779 791 3828 Mario.
802 3777 891 3829 Aurel.
904 3778 1006 3829 Victor.

131 3852 278 3916 prohibitas
296 3859 324 3903 et
340 3852 437 3902 bonore
456 3856 580 3918 privatus,
599 3856 662 3904 orbe
732 3853 848 3905 ΙΜιιὶιιι
862 3854 951 3919 iratas]
969 3856 995 3904 ls
1008 3861 1066 3920 post
1077 3861 1163 3918 gestos
1180 3869 1227 3911 ser

129 3929 264 3996 profugit:
283 3930 432 3994 vocatisque
452 3932 484 3980 ad
504 3933 598 3995 pileum
610 3947 662 3981 ser·
697 3932 853 3987 consulatus,
877 3940 936 3996 poet
954 3930 1107 3994 Jugurtbam
1130 3931 1227 3981 rictum

130 4009 181 4072 ris,
191 4006 376 4072 accersitisque
388 4008 418 4058 C.
429 4008 662 4073 Marimcarbone,
697 4014 725 4057 et
736 4014 797 4057 ante
808 4022 910 4056 currum
922 4014 1017 4066 actam,
1030 4015 1088 4070 post
1098 4008 1227 4059 Teutonas

130 4092 159 4134 et
169 4085 295 4139 Sertorio,
308 4085 398 4133 arbem
412 4090 522 4147 quatuor
540 4087 662 4136 exercitt·
698 4083 724 4133 in
736 4082 836 4146 Galliis,
847 4082 966 4132 Cimbros
978 4082 1004 4130 ia
1016 4081 1095 4131 Italia
1105 4082 1226 4146 domitos,

130 4163 180 4212 bus
201 4162 331 4218 obsessura
355 4168 507 4227 captamque
532 4164 663 4227 ingressas
698 4162 781 4211 rictus
792 4177 807 4210 a
819 4160 889 4223 Sylla
901 4168 927 4208 et
941 4160 965 4208 ia
981 4173 1112 4209 carcerem
1124 4161 1226 4225 conjec,

130 4255 173 4293 aa.
192 4238 227 4290 U·
245 4239 345 4291 &aaa
362 4238 500 4293 octarium
518 4238 664 4304 interiecit,
698 4246 742 4291 tus
757 4231 886 4305 periisset,
898 4236 946 4287 nisi
965 4236 1104 4289 immissum
1122 4253 1227 4304 percus·
