2730 4726
428 700 921 799 PANEGYRICUS
971 711 1063 799 lx.

589 992 893 1005 ———

580 1217 643 1280 DE
663 1219 899 1293 AUCTORE,

407 1397 468 1462 ET
490 1397 591 1476 QUO
614 1397 741 1465 Loco
764 1400 828 1468 Ac
849 1403 1086 1470 TEMPORE

546 1583 842 1638 PRONUNTIATUS
869 1588 936 1639 Sl'l'.

621 1859 856 1927 [sumansu]

230 2154 385 2223 Hamus
401 2160 453 2223 est
465 2155 541 2222 haec
558 2156 664 2222 oratio
680 2177 770 2222 anno
785 2156 912 2224 Christi
926 2157 1005 2225 313.
1026 2163 1107 2244 post
1120 2157 1293 2227 Maxentii

186 2259 332 2338 cladem,
347 2279 460 2325 mense
475 2259 597 2343 opinor
611 2259 634 2325 J
637 2261 792 2336 aunario,
805 2259 973 2339 'l'revoris
992 2274 1176 2346 antequam
1199 2263 1292 2330 Gon-

188 2362 356 2426 stantinus
379 2362 522 2426 indeed
548 2363 721 2445 pacandos
743 2362 933 2429 Germaniae
951 2366 1113 2430 tumultus
1134 2365 1291 2431 discede-

186 2467 247 2526 ret.
291 2463 421 2529 Auctor
432 2466 588 2530 incertus.
626 2466 754 2530 Tamen
773 2465 947 2531 Puteanus
960 2464 1219 2537 huncNazario
1236 2470 1290 2532 tri-

184 2566 274 2630 buit:
301 2565 445 2646 ‘Quod,’
466 2569 588 2651 inquit,
611 2568 779 2652 ‘conjicio
795 2589 841 2633 ex
856 2570 959 2654 stylo,
975 2577 1010 2634 et
1026 2589 1072 2634 ex
1085 2569 1165 2635 ioco
1181 2571 1291 2636 Pane·

185 2669 289 2752 gyrici
306 2666 445 2736 Nazarii
461 2670 677 2735 Constantino
689 2670 772 2735 dicti
786 2673 847 2756 qui
861 2673 911 2735 sic
924 2671 1059 2756 incipit:
1080 2676 1090 2705 ‘
1105 2670 1186 2735 Non
1200 2692 1289 2737 com·

186 2772 402 2850 memorabo,'
423 2775 542 2858 inquit,
567 2775 645 2839 ‘bic
671 2780 780 2838 tectas
799 2774 964 2838 continuis
989 2774 1160 2857 stragibus
1183 2775 1290 2858 ripas,

184 2893 252 2939 non
276 2876 451 2960 oppletum
473 2876 606 2940 acervis
629 2895 807 2959 corporum
819 2875 990 2940 Tiberinis
1012 2877 1191 2960 perstringi
1213 2877 1288 2943 baec

185 2977 271 3040 satis
281 2985 347 3052 cst,
358 2977 445 3060 quod
460 2982 493 3040 et
507 2977 614 3059 pridie
629 2977 798 3060 prolixius
814 2976 893 3040 mihi
909 2977 1003 3042 dicta
1018 2975 1118 3041 sunt'
1149 2977 1288 3063 Nempe

184 3077 220 3141 in
235 3079 299 3143 bac
313 3081 391 3162 ipsa
406 3079 582 3155 Oratione,
597 3098 667 3162 qua
690 3079 800 3144 fusius
817 3079 1023 3144 describitur
1038 3080 1204 3163 praelium,
1220 3101 1288 3164 quo

187 3181 384 3248 Maxentius
408 3182 598 3248 debellatus
619 3187 670 3246 est
685 3202 707 3246 a
728 3183 974 3248 Constantino:
998 3183 1184 3247 deinde‘ex
1200 3186 1287 3250 ordi-

182 3303 238 3363 ne,
256 3304 323 3367 quo
338 3305 453 3349 omues
468 3286 576 3349 nostri
592 3285 791 3370 Panegyrici
804 3286 1053 3350 constituuntur
1067 3287 1099 3350 in
1113 3287 1285 3352 veteribus

183 3387 297 3452 libris:
322 3386 499 3469 subjicitur
516 3389 603 3451 enim
623 3387 703 3451 huic
716 3387 941 3472 Panegyricus
957 3387 1109 3467 Nazarii,
1125 3389 1186 3472 qui
1201 3390 1284 3454 iuci-

183 3490 248 3576 pit,
265 3488 447 3554 ‘Dicturus
463 3487 710 3566 Constantini‚’'
731 3491 792 3554 &c
1103 3484 1105 3489 ’
