2730 4726
458 316 742 367 hauseramus.
782 314 855 367 xrr.
877 305 910 368 9.
1147 304 1232 371 1567

124 475 209 528 cnm
221 463 336 526 carba
349 460 513 544 vulgaret,
523 459 559 524 iu
572 461 693 545 quibus
707 465 742 527 tu
758 463 806 527 ita
820 462 949 527 fortiter
963 463 1071 528 multa
1085 468 1233 545 gessisti,

128 569 166 630 nt
181 583 227 629 ea
241 583 306 628 non
320 567 447 628 tantum
460 562 664 642 Alexander,
677 570 737 629 aut
751 561 943 643 Africanus
960 572 1019 630 aut
1035 566 1234 634 Hannibalm

127 666 246 732 videre
268 665 350 730 dum
370 664 549 742 discerent,
564 665 624 730 sed
646 672 800 749 parentes
820 676 923 750 atque
944 669 1154 735 institutores
1177 690 1234 736 eo·

128 787 209 834 rum
221 772 401 853 optassent
412 768 535 846 iacere,
551 768 629 833 dum
644 767 812 834 docerent.
1152 842 1157 850 ,

173 868 267 936 Gar.
290 884 347 937 rx.
392 871 424 935 l.
447 868 560 950 Quam
584 871 694 937 tecta*
715 879 794 935 sunt
812 890 945 955 semper
967 874 1111 940 consilia
1130 876 1247 945 tortu.

128 972 210 1041 nal
238 972 341 1053 Quis,
357 993 488 1058 quaeso,
503 981 571 1040 taur
587 974 734 1058 publicis
747 975 848 1038 rebus
867 992 934 1039 nou
956 983 1112 1059 putasset
1127 978 1234 1043 iuimi-

129 1094 214 1141 ourn
227 1080 321 1141 tuam
335 1075 430 1141 illum
445 1096 467 1141 a
480 1078 624 1141 statione
637 1077 798 1140 castrensi
811 1076 854 1140 ad
864 1078 1008 1160 quietem
1021 1081 1235 1163 recepturui¹¹

129 1177 168 1245 2.
193 1175 375 1243 Enimvero
409 1178 471 1244 illa
503 1179 651 1244 futurum
681 1179 870 1262 Principem
904 1181 1079 1245 comens⁶⁰
1108 1181 1234 1248 idcirco

131 1279 310 1365 paulisper
334 1281 442 1346 voluit
463 1301 538 1346 esse
563 1281 744 1366 privatum,
767 1289 816 1359 ut,
836 1280 918 1364 quia
937 1280 1010 1365 jam
1034 1283 1078 1348 ad
1102 1284 1235 1366 plenum

131 1382 267 1449 bellicis
286 1383 416 1449 artibm
436 1382 646 1461 abundabas,
668 1403 751 1448 usus
770 1384 880 1448 civilis
900 1386 1075 1468 experiens
1095 1389 1158 1450 sub
1175 1387 1235 1451 otii

131 1489 285 1570 tempore
298 1484 500 1551 reddereris:
522 1485 616 1570 qnod
630 1504 694 1568 ego
709 1493 804 1550 tuum
819 1486 923 1550 otium
939 1486 1076 1552 aliorum
1092 1489 1237 1570 negotiis

132 1591 318 1653 anteverto.
358 1586 395 1653 u.
418 1585 499 1652 Nun
521 1587 612 1651 enim
636 1591 670 1650 te
692 1605 827 1652 amoena
848 1588 973 1667 littora,
992 1609 1054 1654 nec
1077 1590 1237 1674 dispositi

133 1688 179 1755 ad
204 1694 389 1774 temporum
411 1692 523 1756 vicess·
544 1688 689 1754 habuere
711 1709 878 1766 secessus,
901 1690 960 1754 sed
983 1693 1056 1757 sive
1078 1700 1112 1756 tu
1135 1693 1237 1775 agris,

134 1790 211 1856 siva
225 1789 509 1875 oppidis-tempus
523 1790 642 1869 dabas,
657 1810 724 1854 rem
741 1795 775 1854 et
789 1790 913 1855 samam
928 1794 1055 1874 pariter
1076 1794 1236 1876 augebas.

135 1890 183 1959 Et
196 1893 233 1958 in
246 1893 384 1958 urbibus
399 1894 536 1979 qnidam
547 1892 697 1958 omnium
708 1898 845 1957 aetatum
856 1893 1073 1979 ordinumque
1083 1894 1238 1961 homines

134 1994 191 2060 hia
206 2000 265 2060 aut
276 1995 348 2061 illis
356 1994 530 2061 beneficiis
542 1993 842 2080 apprehendebas*
855 1995 1039 2061 amicornm
1050 1998 1238 2079 commoda,

135 2096 330 2163 absentium
354 2098 490 2181 negotia
513 2096 726 2172 assiduitate,
752 2095 909 2174 consilio,
934 2117 970 2162 re
992 2099 1150 2183 juvabas.
1203 2102 1238 2164 4.

135 2198 219 2267 lam
237 2200 268 2265 si
286 2198 471 2285 placuisset
488 2198 617 2284 oppida
637 2216 714 2262 rure
733 2204 884 2277 mutare,p
902 2206 938 2266 ut
957 2206 994 2266 tu
1008 2203 1086 2267 ritae
1108 2201 1236 2269 oblitus

136 2304 275 2368 urbana
294 2303 518 2388 exeqneharis
534 2300 737 2384 agricolami
780 2299 895 2368 Audio
910 2304 1238 2389 etiam,'lmperator,

137 2409 171 2470 et
195 2404 311 2485 credo,
335 2424 429 2490 saepe
455 2405 571 2490 aliqua
592 2404 795 2469 talaberam
819 2405 882 2469 tibi
903 2405 1117 2489 injunxisse,¹
1138 2416 1173 2472 ct
1195 2427 1239 2473 ne

138 2509 352 2575 contraheres
373 2508 524 2592 corporis
538 2513 720 2584 veternum,
737 2506 970 2590 cujuscemodi
986 2528 1119 2593 semper
1134 2528 1239 2592 opere

169 2673 394 2753 *wasulini
435 2672 621 2740 ‘inperatorem
631 2674 852 2751 retluloexorruur'r.⁸
885 2672 1241 2753 inooariieterrrportutibra.

173 2740 189 2778 ὓ
206 2741 262 2793 lttt
271 2739 444 2804 medor.
575 2738 584 2774 ⁸
599 2738 983 2803 sternutamentum.

599 2882 781 2905 ‘comneno

173 2970 243 3022 Car.
253 2982 295 3021 rx.
318 2972 335 3019 θ
350 2969 433 3032 ‘Leg-
444 2973 611 3019 remman.
627 2967 743 3017 Fortuna
753 2966 857 3016 occulto
869 2964 974 3017 consiliu
991 2963 1140 3028 Principem
1153 2965 1241 3017 raolie·

139 3034 235 3088 batur?
251 3035 323 3086 Acid.
350 3035 477 3084 ⁴Minrme
488 3034 667 3084 relicitandum
679 3040 720 3082 ert
731 3031 793 3082 illud
805 3047 897 3082 comeus
904 3047 914 3090 3
926 3031 1013 3095 lepida
1026 3033 1093 3080 enirn
1109 3032 1240 3096 metapho-

137 3098 515 3218 tritt⁰tt¹5⁶²¹¹¹ltui
525 3101 731 3215 ttt‘mtttl.
743 3104 856 3211 titt·
868 3106 897 3211 ¹¹³¹
909 3096 1035 3211 trull
1044 3096 1242 3212 :ttulit

139 3229 272 3285 ΗΜ
287 3179 372 3293 diliis]
387 3200 534 3280 Oredohie
553 3244 600 3295 pro
617 3179 851 3290 cumpregendum
865 3227 943 3283 urim
959 3176 1090 3275 ciroleut
1106 3177 1184 3290 vriigu
1200 3228 1241 3277 ba

138 3296 280 3362 meula
290 3296 361 3345 inter
371 3309 399 3344 re
411 3295 563 3359 permutari,
580 3293 751 3345 scribentium
765 3291 881 3342 incuria!
896 3290 986 3356 Ssheff.
1013 3291 1094 3355 adque
1103 3306 1130 3341 rr
1140 3293 1243 3343 ladmen

139 3362 202 3415 cod.
213 3362 300 3413 Lirin.
310 3359 378 3412 uude
390 3361 434 3410 ille
443 3361 513 3426 conj.
525 3361 605 3425 aliqua
616 3365 640 3410 te
650 3375 678 3410 re
687 3357 799 3409 umen.
823 3356 891 3409 Cod·
907 3353 1004 3407 Scheffi
1022 3357 1104 3407 Audio
1118 3359 1191 3409 etium
1202 3392 1209 3408 .
1221 3389 1229 3408 .

641 3483 748 3538 NOTAE

174 3593 195 3623 ¹⁴
208 3584 346 3652 Karidai]
362 3586 520 3639 Hamilcaris
540 3585 615 3649 lilius,
628 3601 674 3636 no·
711 3582 755 3633 ubl
772 3595 866 3633 aunum
885 3580 969 3633 ferme
985 3581 1114 3646 integrum
1125 3577 1243 3642 privatus

141 3676 203 3716 rem
222 3677 305 3714 annor
322 3669 409 3728 natus,
426 3679 442 3714 a
464 3671 539 3729 patre
558 3663 610 3713 arla
629 3662 674 3711 ad·
710 3662 787 3726 vixit,
804 3661 887 3711 donec
906 3675 922 3711 a
938 3660 1067 3712 Gratiano
1078 3657 1138 3707 iude
1150 3655 1184 3705 ad
1195 3656 1242 3706 lm·

139 3746 241 3805 notus,
257 3738 347 3790 edium
362 3740 389 3791 in
408 3740 541 3791 Romnum
561 3752 675 3804 perenne
710 3739 943 3802 periiaocietatam
956 3743 1092 3799 revocatus
1104 3740 1155 3782 eat.

135 3814 353 3882 interiturus·
363 3816 448 3867 socius
458 3824 487 3868 et
496 3817 570 3867 miles
582 3815 608 3865 in
619 3829 675 3865 oar·
741 3823 755 3850 ⁰
772 3814 884 3878 amera]
901 3808 1057 3866 Anauon?
1074 3817 1103 3861 ut
1113 3808 1241 3860 rultBar·

140 3889 260 3943 triat‘uit·
292 3891 376 3943 Plura
387 3891 447 3943 ride
458 3892 526 3958 apud
539 3893 572 3943 Α.
582 3893 675 3944 Victo·
711 3890 779 3941 thius
791 3889 1060 3941 Adversamxrm.

141 3981 208 4019 ren·
742 3967 871 4032 r0ppiue
891 3959 952 4016 'rure
978 3961 1082 4026 mutare]
1106 3963 1204 4013 Horat.
1220 3976 1243 4013 r.

175 4048 190 4077 ¹
207 4041 424 4108 staururplasr]
436 4043 559 4109 intelligo
566 4043 600 4094 de
610 4052 675 4094 teur-
712 4043 767 4096 0d.
785 4048 825 4095 17.
840 4044 943 4094 ‘Velox
958 4055 1087 4092 amenum
1104 4052 1175 4105 serpe
1195 4041 1243 4090 Lu·

139 4132 210 4184 pore
220 4133 272 4185 quo
283 4118 445 4171 Theodosius
456 4121 544 4172 rtatim
556 4135 572 4171 a
584 4135 676 4185 paren·
711 4121 832 4175 crabim
842 4121 933 4173 Muut
942 4121 1039 4186 Lycao
1045 4114 1167 4184 Faunus}
1178 4119 1228 4169 &a

142 4197 180 4248 tis
203 4209 270 4248 nere
290 4194 319 4247 ln
339 4195 494 4264 Hispaniam
515 4211 544 4251 re
567 4197 678 4262 recepit.
