2730 4726
426 325 710 387 annueramus.
749 325 790 378 ιι.
812 311 846 376 2.
1098 310 1185 376 llte

77 480 135 550 cet
148 480 230 542 tunc
248 472 352 556 regia,
376 492 508 540 summa
527 481 642 540 tamen
664 471 825 556 religione
840 477 1050 557 susceptum,
1065 471 1185 539 futurae

78 577 273 662 majestatis
290 576 427 642 dedisse
443 578 637 660 primordia,
654 582 690 641 ut
702 595 778 641 esse
793 583 914 660 posset
929 577 1052 641 domus
1067 574 1186 642 Gaeeu·

78 702 168 762 rum,
188 700 267 766 quae
290 681 451 747 Herculis
466 681 587 746 suisset
602 680 796 763 hospitium.
839 681 873 744 4.
894 678 978 744 Jnre
1000 681 1102 762 igitur
1122 679 1187 745 hoc

80 784 148 861 die,
167 803 235 868 quo
250 782 450 849 immortalis
473 791 567 849 ortus
587 784 732 849 dominae
753 781 927 867 gentium⁸
943 782 1094 847 civitatis
1110 800 1186 847 res·

80 893 136 952 tra
148 887 275 970 pietate
293 885 491 966 celebratur,
515 886 575 950 tibi
594 885 820 970 potissimum,
843 884 1035 967 Imperator
1048 884 1187 962 inuicte,

80 989 204 1054 laudes
217 989 385 1066 canimus,
407 995 444 1052 et
465 988 592 1072 gratias
617 989 760 1071 agimus,
782 1007 882 1071 quem
902 986 1085 1052 similitudo
1107 986 1189 1068 ipsa

82 1092 201 1174 stirpis
224 1098 304 1162 tuae,
328 1108 370 1155 ac
385 1092 436 1156 vis
452 1092 557 1156 tacita
581 1098 712 1157 naturae
735 1090 779 1155 ad
793 1089 1025 1154 honorandum
1039 1088 1188 1153 natalem

81 1193 208 1258 Romae
234 1193 322 1258 diem
337 1198 407 1257 tam
422 1193 592 1257 liberalem
607 1191 701 1271 facit,
716 1196 754 1256 ut
767 1193 883 1256 urbem
904 1190 996 1254 illam
1019 1190 1069 1256 sic
1090 1189 1189 1255 colas

82 1294 269 1373 conditam,
284 1295 386 1379 quasi
401 1296 475 1379 ipse
490 1295 696 1361 condideris.
740 1295 774 1359 5.
797 1293 852 1359 Re
867 1313 946 1358 vera
960 1294 1061 1369 enim,
1077 1311 1189 1358 sacra·

81 1397 212 1462 tissime
226 1397 426 1481 Imperator,
441 1398 562 1462 merito
576 1397 690 1480 quivis
702 1405 749 1476 te,
768 1403 927 1481 tuumque
943 1392 1100 1474 fratrem,¹¹
1116 1395 1190 1459 Ro·

81 1501 175 1577 mani
206 1501 338 1584 imperii
366 1500 490 1565 dixerit
518 1501 721 1566 conditores.
764 1499 859 1564 Estis
888 1499 987 1578 enim,
1018 1498 1121 1584 quod*
1140 1502 1191 1562 est

82 1602 289 1686 proximum,
312 1602 540 1668 restitutores:
564 1610 597 1669 et
620 1605 666 1668 sit
688 1599 787 1668 liceti
813 1602 869 1666 hic
894 1602 945 1667 illi
967 1603 1042 1665 urbi
1067 1599 1191 1666 natalis

83 1704 172 1781 dies,
196 1703 286 1788 quud
309 1702 469 1796 pertiuetl
488 1697 538 1769 'ad
564 1707 722 1787 originem
745 1706 866 1790 populi
890 1704 1061 1785 Romani3
1088 1702 1191 1769 vestri

84 1795 220 1889 imperii
233 1807 331 1890 primi
346 1807 421 1872 dies
436 1816 514 1872 sunt
528 1808 699 1892 principes
716 1809 760 1873 ad
777 1809 933 1873 salutem,

124 1906 216 1977 Car.
233 1917 275 1973 11.
300 1904 331 1972 1.
348 1906 462 1988 Quare
477 1909 507 1974 si
521 1928 610 1975 nunc
627 1908 748 1975 Romae
772 1929 890 1976 omnes
914 1909 1139 1993 magistratus,
1153 1914 1190 1985 et

545 2088 733 2114 ΝΝΝΜΙΟ

84 2189 168 2260 reteri
186 2206 277 2256 codice
297 2207 426 2269 reperiare
447 2208 533 2258 odiam.
567 2209 603 2259 Et
624 2208 661 2258 ric
679 2207 806 2259 cellarius
825 2206 918 2269 edidit,
934 2205 1056 2266 udiciseerv
1072 2173 1193 2256 Patami.
1301 2195 1304 2200 ’

81 2270 188 2322 adiisse:
205 2275 283 2320 etiam
292 2271 319 2320 in
331 2281 421 2323 nostro
433 2273 536 2335 codice,
547 2280 576 2323 et
589 2280 699 2338 utroque
711 2275 833 2324 Gudiano
845 2274 911 2322 libro
921 2279 996 2322 extat
1007 2272 1093 2321 odisse
1127 2271 1193 2321 mis·

82 2336 266 2465 :latit
283 2335 677 2464 ‘stittltlsntlllltf
695 2336 1192 2464 alell'inindumentis

90 2450 95 2464 ,
164 2433 171 2456 Ι
264 2436 271 2456 r
659 2433 666 2449 ⁸
809 2437 816 2454 r
945 2437 952 2452 e
1006 2435 1014 2451 e
1112 2438 1117 2452 ι

83 2465 139 2523 iicet
149 2467 229 2526 regia.
262 2467 315 2516 Pro
325 2473 459 2531 susceptum
469 2466 605 2517 Acidalius
620 2469 689 2530 conj.
705 2471 871 2531 senerata-4
882 2475 889 2499 ⁸
900 2469 931 2517 Iu
943 2468 1033 2517 codice
1048 2474 1147 2528 nostro,
1164 2472 1192 2516 et

85 2529 110 2585 in
121 2530 205 2579 altero
217 2531 283 2580 libro
295 2532 418 2582 Gudiauo
428 2533 547 2594 legimus,
559 2549 587 2582 cc
598 2533 636 2582 cis
651 2538 724 2582 tunloe
734 2539 838 2584 nature.
872 2534 950 2582 Haud
963 2532 1084 2592 absurde,
1096 2539 1125 2580 ut
1138 2532 1195 2594 opi·

84 2594 192 2644 namur?
209 2595 330 2646 Scltwurz.
355 2602 429 2646 turtoe
446 2598 526 2646 etiam
540 2599 606 2647 Exc.
626 2599 748 2648 Vera—6
768 2599 885 2647 Rhenan.
904 2598 940 2647 Η.
953 2598 1044 2660 Steplr.
1063 2606 1090 2645 et
1107 2596 1193 2647 Rirlu.

84 2664 109 2709 et
124 2659 244 2718 riclicetr
261 2663 369 2723 cuspin.
381 2663 443 2712 Vet.
464 2663 576 2713 Puteau.
592 2662 669 2712 Paul.
687 2665 779 2727 Steplr.
798 2669 825 2712 ct
843 2663 952 2712 Gruter.
969 2667 993 2712 et
1008 2663 1042 2712 sit
1059 2661 1123 2710 licet·
1160 2660 1194 2710 Itr

85 2722 178 2774 codice
190 2725 330 2774 Schvurzii
342 2741 425 2790 neque
435 2727 477 2783 rit,
493 2727 624 2791 nequesic
637 2728 741 2789 legitur.
775 2729 841 2777 Exc·
855 2727 949 2777 Selrou.
958 2734 986 2776 et
1000 2725 1140 2782 Livineius,
1150 2725 1194 2774 sit·

85 2785 160 2844 Mox.
170 2789 290 2854 pertineat
301 2791 359 2840 eod.
372 2792 521 2852 Schwarzii‚
537 2793 603 2842 alter
615 2792 686 2842 Gud.
699 2793 809 2855 cuspin.
827 2793 943 2842 ereuau.
962 2792 996 2840 Η.
1014 2791 1105 2852 Steph.
1117 2789 1193 2838 Paul.

85 2851 178 2917 dteph.
191 2860 218 2904 et
239 2855 325 2904 Rirln.
340 2857 444 2919 pertinet
457 2857 559 2906 Berlin.
579 2857 701 2920 Livineii,
722 2857 881 2906 Paririeuser
900 2871 942 2918 ap.
960 2855 1091 2905 Sclrwarz.
1108 2854 1136 2902 et
1151 2867 1193 2903 re·

87 2926 171 2968 eeutt.
186 2920 344 2969 Sclrrrsrziur
357 2921 494 2986 aliquando
508 2921 684 2985 conjectabat,
695 2927 751 2970 sunt
760 2920 879 2984 principes
889 2922 950 2984 quod
959 2921 991 2968 ad
1000 2919 1110 2968 sulutem.
1216 2937 1218 2941 >

119 2982 230 3033 Cer-rra
248 2988 261 3033 1
272 2986 353 3041 Quure
362 2986 384 3033 si
398 2987 552 3036 amasam
562 2987 720 3047 magistratus
731 3000 819 3036 omnes
831 2990 894 3035 vett.
909 3000 952 3047 ap.
965 2982 1077 3033 Puteau.
1111 2983 1192 3038 Quare

89 3047 113 3097 ri
124 3053 183 3098 tuse
194 3049 227 3100 R.
243 3064 323 3100 cmm
334 3050 493 3113 magistratus
503 3052 590 3101 ereu.
601 3059 629 3102 et
640 3053 676 3102 H.
687 3052 778 3116 Steplr.
814 3051 894 3108 Quare
904 3052 926 3100 si
936 3065 998 3100 nune
1008 3049 1092 3098 Rome
1102 3047 1191 3110 megin

585 3196 698 3248 NOTAE

117 3291 264 3343 rDemirrae
279 3292 402 3356 gestirem]
419 3294 531 3360 Romae„
550 3293 620 3344 Vide
662 3281 706 3360 qni
725 3294 786 3344 inde
802 3295 974 3358 collegerunt,
993 3292 1191 3343 Diocletianum

85 3366 277 3433 Panegyricum
294 3378 447 3434 sequentem
464 3384 488 3420 c.
506 3383 559 3420 ιιιι.
575 3371 620 3420 ubi
661 3382 688 3422 et
699 3372 887 3423 Maximianum
899 3370 1038 3427 Palilibus,
1049 3371 1075 3419 id
1087 3377 1136 3428 est,
1149 3377 1190 3421 ιι.

85 3447 170 3495 multa
182 3447 350 3496 inuenerem
364 3460 542 3510 congeremus.
660 3449 721 3499 Kal.
731 3449 826 3511 Maias,
837 3450 974 3511 imperinm
990 3446 1137 3510 auspicatos
1149 3461 1190 3497 es·

116 3521 131 3556 ¹²
149 3521 268 3585 Tuamque
279 3521 397 3583 fratrem]
424 3521 619 3582 Diocletianum
660 3539 688 3573 se
698 3541 706 3587 ;
717 3525 790 3574 itaut
801 3524 868 3573 idem
878 3523 945 3587 urbi,
955 3523 998 3588 qui
1010 3530 1036 3571 et
1049 3524 1098 3572 illis
1108 3523 1190 3588 impe·

87 3604 248 3664 puta,quem
260 3599 336 3661 hrrjus
349 3604 376 3647 et
387 3599 521 3662 sequentis
532 3599 619 3648 Paua·
660 3599 692 3648 rii
710 3599 789 3649 fuerit
807 3600 908 3649 natulis.
943 3600 980 3649 At
998 3599 1092 3648 merito
1112 3597 1190 3649 Petu·

84 3674 170 3740 gyrici
180 3680 271 3722 arrctor
279 3673 429 3723 Maximiani
437 3667 545 3723 fratrem
552 3689 619 3724 sem·
660 3677 713 3726 rius
723 3676 758 3724 de
769 3677 900 3727 Doctrina
910 3677 1067 3739 Tempornm
1080 3690 1138 3739 cap.
1149 3676 1191 3727 dd·

86 3765 134 3814 per
152 3750 286 3813 appellen
303 3751 359 3798 rire
370 3749 449 3814 quod,
460 3759 489 3800 ut
501 3751 570 3800 idem
581 3752 618 3802 alt
659 3758 739 3816 negat
758 3753 835 3802 ullam
852 3754 882 3802 iis
900 3753 925 3800 in
936 3752 1023 3802 verbis
1035 3752 1137 3800 literam
1149 3765 1191 3800 es·

86 3823 144 3889 cap.
164 3838 228 3874 rrr1.
251 3826 394 3874 Romanum
411 3827 546 3890 imperium
565 3842 618 3877 am·
660 3841 697 3890 re,
709 3828 878 3892 quaprobari
890 3826 915 3877 id
928 3827 1018 3891 possit.
1045 3826 1132 3874 Immo
1141 3823 1191 3874 ibl-

85 3902 119 3952 bo
136 3900 254 3951 fraterna
266 3901 406 3951 cuncordia
424 3911 555 3966 regerent,
572 3917 619 3954 sen
660 3903 717 3953 dem
740 3896 849 3953 ait'dles
866 3902 930 3953 illos
941 3900 1077 3962 constitui,
1093 3907 1120 3952 et
1137 3902 1189 3954 κατ’

85 3977 155 4043 quod
168 3976 307 4027 virtutibus
319 3978 413 4027 fratrer
425 3987 521 4030 esseut.
659 3979 777 4032 irritem
791 3981 897 4046 opponi.

117 4055 126 4090 ¹
144 4056 178 4104 Et
189 4054 224 4105 rit
235 4055 302 4118 licet]
320 4055 404 4104 Locus
417 4057 459 4107 hic
469 4057 567 4122 objecit
577 4072 619 4108 er·
692 4057 701 4101 l
712 4059 782 4114 Quod
792 4057 910 4122 pertinet]
925 4055 1116 4106 Bertluiensern
1128 4070 1189 4120 apo·

84 4146 171 4181 rorem
190 4131 361 4193 chronologis
372 4132 513 4198 plerisque,
529 4140 558 4184 et
574 4148 619 4183 sn·
660 4135 784 4198 graphan
793 4148 903 4199 sequor3
916 4133 941 4181 in
950 4131 1006 4181 aliis
1014 4134 1191 4196 est,quodper·

83 4207 182 4258 nulium
200 4207 420 4272 historiarumque
439 4204 621 4276 scriptoribus,
661 4210 746 4268 tinent,
758 4209 784 4260 id
796 4216 846 4273 est,
858 4213 982 4274 qnantum
993 4206 1123 4272 pertinet:
1141 4207 1189 4259 sed
