2730 4726
305 325 363 373 en.
387 320 547 370 vinnan
572 317 830 370 consrnnrrnr
856 319 993 369 nnana
1104 303 1191 372 laos
1303 320 1306 328 ·

91 481 209 536 eorum
221 488 320 552 reges
335 469 429 542 bello
444 473 565 551 captos
579 466 703 532 belluis
716 467 751 532 in
771 465 1014 550 amphitheatro
1028 464 1192 531 dilanian-

91 574 155 638 dos
171 572 302 657 objicit.
346 572 445 637 lllico
460 571 706 636 Bructerorum
727 568 813 634 fines
838 576 965 647 vastat,
990 569 1194 642 Cheruscos,

92 675 302 754 ChabionaS,
318 672 510 739 Chamavos
524 674 644 748 tundit,
661 692 701 736 ae
717 675 821 737 totam
842 671 1055 736 Germaniam
1068 671 1194 756 Agrip÷

92 778 225 862 pinensi
241 782 342 862 ponte
356 777 451 841 facto
468 775 510 840 ad
527 775 658 840 dandos
680 774 817 839 obsides
831 774 1013 858 compellit.
1057 775 1195 840 Interim

94 878 307 944 Constantini
322 878 469 960 imagine
485 878 633 943 Romam
649 896 709 959 pro
730 896 821 943 more
840 878 981 962 perlata,
998 875 1196 941 Maxentius

95 981 302 1047 Maximiani
317 980 419 1056 filius,
436 999 479 1044 an
494 979 679 1064 privignus
699 999 745 1044 an
767 999 879 1059 gener,
899 979 1088 1062 indignatus
1103 979 1196 1062 quod

94 1085 132 1148 in
160 1083 292 1167 imperii
315 1102 453 1167 quoque
480 1085 606 1165 partem
632 1100 700 1146 nen
725 1082 867 1156 veniret,
894 1101 953 1166 per
972 1082 1147 1147 tumultum
1174 1101 1197 1147 a

94 1186 322 1271 praetorianis,
348 1205 434 1268 quos
458 1185 637 1269 promissis
657 1192 859 1268 corruperat,
873 1182 1049 1268 Augustus
1073 1183 1196 1250 Romae

95 1292 303 1356 acclamatur
316 1304 326 1368 3
347 1294 380 1353 et
394 1295 564 1372 occupata
579 1289 699 1372 partim
714 1288 832 1353 Africa
846 1308 887 1353 ac
909 1289 1033 1372 ubique
1055 1286 1198 1372 dejectis

96 1412 161 1476 per
184 1391 367 1456 ludibrium
390 1388 603 1454 Constantini
628 1391 764 1467 statuis,
787 1393 878 1456 omni
901 1393 1065 1456 scelerum
1080 1410 1198 1474 genere

97 1499 281 1578 grassatur.
859 1500 862 1507 '

152 1677 199 1743 A.
210 1678 255 1744 U.
268 1675 308 1743 C.
322 1693 419 1742 unx.
465 1678 588 1746 Christi
603 1696 740 1746 cccvii.
784 1682 993 1748 Constantini
1008 1681 1096 1765 Imp.
1114 1699 1156 1746 11.

529 1784 634 1848 AEtat.
651 1800 781 1849 xxxv.

145 1900 371 1966 Constantino
398 1899 540 1986 primum¹
566 1903 704 1968 consule
726 1904 871 1969 Severus
898 1901 1015 1967 Caesar
1039 1902 1201 1967 adversus

100 2003 316 2070 Maxentium
332 2024 353 2069 a
368 2002 506 2070 Galerio
529 2007 665 2085 missus,
688 2008 831 2071 militum
855 2025 987 2070 suorum
1006 2007 1128 2071 scelere
1144 2005 1203 2070 de-

101 2112 209 2190 sertus
225 2112 289 2185 est,
304 2107 445 2191 ipseque
460 2107 593 2192 fugiens
616 2129 683 2174 non
704 2108 888 2186 Ravennae,
902 2114 943 2173 ut
963 2109 1065 2173 tradit
1080 2109 1203 2174 Eutro-

100 2209 195 2294 pius,
210 2209 270 2273 sed
291 2208 334 2275 ad
349 2215 416 2274 tres
439 2211 611 2290 tabernas,
631 2216 668 2276 ut
687 2208 807 2276 Victor
821 2217 856 2276 et
870 2209 1032 2277 Valesius
1048 2211 1204 2291 referunt,

100 2313 168 2377 hoc
184 2315 237 2377 est
258 2310 292 2375 in
308 2310 365 2375 via
379 2309 494 2396 Appia
509 2313 655 2397 septimo
671 2314 715 2378 ab
730 2313 813 2378 urbe
828 2313 972 2391 milliari,
989 2333 1009 2376 a
1025 2312 1203 2379 Maxentio

101 2413 310 2479 interficitur.
355 2411 438 2493 Qua
459 2433 495 2478 re
515 2413 631 2480 audita
651 2414 808 2480 Galerius
826 2415 913 2508 Aug.
928 2415 1045 2482 Severi
1060 2415 1205 2481 Caesaris

102 2516 158 2581 sui
174 2535 290 2580 necem
305 2515 439 2580 ulturus
453 2535 529 2581 cum
544 2518 693 2583 exercitu
720 2538 908 2595 aecumens,
924 2538 966 2583 ac
990 2539 1125 2584 suorum
1147 2519 1204 2584 de·
1326 2605 1328 2608 1

103 2616 285 2682 sectionem
300 2618 493 2683 subveritus
508 2639 569 2703 per
587 2619 718 2703 legatos
741 2621 910 2686 Licinium
934 2628 969 2685 et
986 2621 1146 2699 Probum,
1167 2626 1207 2685 ut

104 2719 266 2803 precibus
281 2721 409 2804 potius,
424 2741 524 2807 quam
542 2724 644 2788 armis
658 2731 839 2811 mereretur
854 2725 898 2788 im
903 2722 1040 2808 perium,
1063 2722 1209 2788 Maxen-

104 2826 194 2890 tium
217 2826 408 2892 cohortatus
430 2829 597 2911 primum:
620 2849 697 2895 eum
720 2835 927 2914 pugnaturus
946 2833 1044 2906 esset,
1058 2836 1206 2893 contem·

104 2934 164 2992 tus
179 2949 314 3014 quoque
325 2936 360 2996 et
373 2949 395 2994 a
409 2932 479 2995 suis
495 2931 647 2997 desertus
663 2933 696 2997 in
709 2934 882 3016 Illyricum
896 2931 991 3015 fugit,
1007 2933 1064 2996 ubi
1076 2931 1099 2998 J
1101 2931 1207 2996 ulium

107 3029 277 3097 Licinium
294 3034 405 3099 Dacia
420 3034 610 3112 oriundum,
627 3036 693 3100 sibi
712 3046 850 3120 propter
873 3036 1048 3121 probatam
1069 3035 1103 3098 in
1126 3033 1208 3098 Per-

106 3135 184 3199 sico
206 3134 297 3200 bello
313 3135 469 3201 virtutem
493 3135 813 3220 conjunctissimum,
837 3137 1008 3203 Caesarem
1031 3135 1124 3215 facit,
1139 3155 1208 3220 quo

105 3237 144 3302 in
174 3237 328 3307 Sardinia
356 3240 488 3319 relicto,
519 3239 676 3309 Galerius
707 3241 881 3306 Serdicam
909 3240 1099 3324 regreditur·
1151 3238 1208 3305 Ad
1325 3235 1333 3248 ’

105 3346 276 3406 tantorum
306 3346 460 3407 motuum
482 3341 605 3407 famam
626 3341 858 3409 Maximianus
883 3342 1076 3408 Herculeus
1101 3363 1119 3407 e
1143 3363 1208 3408 suo

107 3441 273 3509 Lucaniae
287 3463 421 3509 secessu
436 3463 618 3529 purpuram
635 3451 840 3511 resumimus
864 3443 1008 3511 Romam
1023 3445 1210 3531 advolarat,

108 3542 173 3609 sed
187 3545 217 3609 is
232 3565 366 3629 quoque
387 3550 420 3610 et
441 3544 620 3636 delususa
640 3545 828 3624 Maxentio,
852 3553 885 3613 et
909 3567 931 3611 a
954 3548 1026 3612 suis
1046 3547 1212 3624 desertus

108 3644 278 3712 'l'reveros
294 3645 338 3714 ad
352 3645 610 3713 Constantinum
633 3649 666 3713 ei
687 3649 868 3714 moliturus
890 3643 1034 3715 insidias
1054 3649 1165 3715 venit:
1189 3668 1211 3714 a

110 3768 181 3834 quo
195 3748 442 3832 perhumaniter
457 3754 615 3833 acceptus
631 3749 878 3831 Maximianus,
894 3751 1109 3818 dissimulato
1131 3769 1211 3816 con-

111 3851 207 3928 silio,
225 3850 386 3917 Faustam
400 3851 503 3917 filiam
521 3853 553 3916 ei
569 3854 602 3916 in
619 3853 797 3937 conjugem
820 3856 881 3920 dat
894 3876 969 3920 eum
986 3853 1132 3936 Augusti
1152 3873 1211 3918 no·

110 3955 215 4031 mine,
232 3954 322 4037 qued
338 3953 577 4019 Constantinus
592 3954 659 4019 buc
679 3975 788 4040 usque
807 3948 997 4022 recusarat,
1034 3955 1136 4021 Hane
1150 3975 1214 4039 pa·

112 4057 180 4122 tria
192 4056 414 4141 Byzantinam
429 4057 537 4122 fnisse
549 4064 643 4123 notat
653 4058 814 4125 Julianus
830 4060 926 4125 Orat.
944 4075 969 4124 1.
1000 4059 1055 4124 Ex
1069 4077 1110 4123 ea
1122 4078 1213 4139 vero,

112 4177 186 4226 non
207 4178 251 4226 ex
273 4159 373 4226 tertia
395 4160 547 4245 conjuge,
573 4163 686 4245 (quam
710 4162 868 4230 Zosimus
893 4161 1042 4248 Eunapii
1071 4163 1214 4228 hominis
