2730 4726
128 273 217 339 lton
392 290 558 340 suusnrr
583 291 816 342 cnarrsaurr
841 293 956 344 serso

127 437 200 513 erit,
215 454 315 520 qnam
340 455 405 500 non
425 436 599 520 acquirere
622 438 713 521 quod
733 437 831 503 fuerit
849 441 1018 519 alienum3
1041 445 1139 509 tanto
1158 443 1233 509 dnl-

128 540 201 603 eior
220 546 274 605 est
290 540 429 603 remissa
442 541 598 604 soluendi
612 543 810 620 necessitas,
827 563 927 625 quam
942 544 1097 610 lucrandi
1113 556 1233 630 optata

128 642 367 706 commoditas.
409 643 442 706 3.
467 642 581 721 Quam
606 645 714 723 multi,
740 645 935 728 Imperator·
950 647 1117 731 Auguste,
1141 669 1231 734 quos

127 745 247 828 inopia
264 745 397 810 latitare
416 766 476 829 per
495 747 614 823 saltus,
629 753 688 812 ant
703 749 804 812 etiam
822 749 857 811 iu
872 749 1012 813 exilium
1027 751 1076 814 ire
1090 771 1232 835 compu-

126 849 223 926 lerat,
239 849 310 912 ista
327 849 526 912 remissione
545 851 750 934 reliquorum
770 851 806 914 in
825 850 937 915 lucem
956 860 1093 930 exeunt,
1114 855 1150 918 in
1172 874 1233 936 pa·

127 952 226 1014 triam
241 959 462 1027 revertuntur,
478 951 637 1017 desinunt
650 953 829 1036 pristinam
845 971 1008 1018 accusare
1022 956 1231 1038 pauperiem,

127 1052 283 1118 desinunt
296 1053 410 1118 odisse
425 1073 575 1137 agromm
591 1075 728 1119 snorum
741 1056 964 1133 sterilitatem,
974 1065 1148 1122 resumunt
1161 1060 1233 1122 ani·

127 1175 212 1234 mos,
226 1157 319 1241 operi
330 1163 570 1241 praeparantur,
581 1158 741 1221 culturam
755 1159 949 1223 melioribus
964 1159 1159 1224 annituntur
1172 1181 1233 1226 an·

128 1259 261 1343 spiclis,
275 1261 425 1325 revisunt
438 1259 568 1332 domos,
582 1260 728 1324 referunt
741 1269 825 1324 vota
838 1262 991 1344 templis!
1026 1263 1060 1325 4.
1083 1262 1232 1328 Praeser-

127 1363 279 1427 timeum
294 1369 331 1426 tn
345 1362 493 1427 omnium
504 1367 653 1427 nostrum
664 1369 876 1427 conservator
887 1362 1074 1442 adveneris,
1084 1371 1122 1428 et
1132 1367 1234 1449 quasi

126 1464 186 1529 ille
204 1464 391 1548 majestatis
407 1472 475 1530 tuae
490 1483 603 1529 comes
612 1471 626 1497 '
645 1469 678 1528 ot
693 1465 820 1543 socius,
835 1466 991 1548 flagrabit
1005 1472 1079 1531 tota
1093 1468 1233 1546 civitas,

127 1713 255 1764 Vara-2
272 1714 385 1778 Guelplr.
402 1720 470 1764 tosto
479 1719 548 1764 est..
559 1720 609 1764 ‚est
619 1715 769 1765 deiciam—³
787 1715 896 1774 cuspin.
907 1714 1026 1764 Rbensu.
1042 1715 1136 1779 Steplr.
1148 1716 1234 1766 Livia.

128 1778 216 1828 Riviu.
228 1781 262 1829 al,
274 1789 338 1829 vett.
355 1786 379 1829 et
391 1781 416 1828 is
431 1780 551 1842 putrium
567 1779 599 1827 rb
612 1787 636 1829 et
652 1783 741 1830 delent
758 1783 821 1831 vet·
836 1782 1020 1830 Puteumvet.
1034 1782 1233 1834 Lirinensis.

127 1843 217 1897 Moerl.
225 1846 341 1907 Gnelpb.
352 1861 410 1895 curu
422 1846 464 1894 ed·
476 1845 555 1894 Grut.
567 1853 595 1894 et
606 1855 717 1895 recenti.
728 1845 856 1909 probante
871 1847 979 1896 Ritters.
997 1847 1098 1896 ‘Nulla
1109 1849 1179 1896 enim
1191 1856 1234 1897 est

147 1911 265 1960 srticnlae
276 1911 318 1960 hic
328 1911 473 1960 insereudae
485 1911 578 1958 idonea
591 1910 676 1961 ratio!
688 1913 804 1960 Arnim.
835 1913 843 1940 ⁴
857 1911 963 1973 Cuspiu-
974 1919 1002 1961 et
1013 1913 1077 1960 Ere.
1087 1913 1235 1961 Scboolror.

126 1923 168 2025 bis
181 1977 307 2035 derisum
323 1977 369 2025 sed
386 1977 434 2025 boc
450 1977 537 2024 locum
554 1974 650 2024 trabere
662 1991 712 2024 nou
724 1974 831 2040 potest.’
843 1977 939 2036 deger.
969 1981 1134 2040 prspertutern
1144 1979 1234 2027 Moerl.

124 2047 263 2104 preparant
280 2042 396 2090 culturum
408 2041 516 2103 Cuspiu.
530 2041 645 2089 Rbensn.
662 2042 753 2102 Steplr.
767 2040 799 2088 al.
815 2047 880 2089 vett.
892 2048 919 2089 et
930 2041 996 2091 Eue.
1006 2041 1154 2091 Scboubov.
1171 2057 1234 2104 prae·

125 2111 252 2166 muniar,
261 2105 386 2162 reiterans,
397 2108 438 2168 tre.
449 2107 508 2153 Ver.
521 2105 698 2156 Putem-Ver.
710 2107 793 2155 Lirin.
804 2114 831 2154 et
843 2105 956 2168 Guelpb.
988 2106 1055 2155 Vide
1068 2107 1145 2155 Nutt.
1156 2107 1234 2156 Vsrr.

127 2172 189 2219 deris
201 2172 293 2234 templis
309 2173 393 2220 Riviu.
405 2181 432 2220 et
443 2171 503 2220 edd.
515 2179 576 2220 aute
586 2171 665 2221 Grut.
676 2173 721 2236 qui
731 2186 746 2220 e
760 2172 819 2219 Vet.
836 2171 950 2219 Prrtean.
960 2172 1021 2220 Vet.
1032 2170 1117 2220 Lirin.
1129 2172 1233 2222 Berlin.

127 2235 228 2297 recepit
247 2241 302 2284 soto
319 2236 423 2299 templis,
441 2250 551 2299 eamque
568 2238 652 2284 secuti
669 2244 730 2285 snut
743 2241 904 2286 recente-4
920 2236 1041 2285 ‘Clarius
1051 2236 1114 2285 milri
1127 2237 1234 2299 quidem

127 2299 257 2356 videatur,
271 2301 404 2363 presertim
420 2315 475 2349 sero
488 2315 540 2348 cunr
556 2305 591 2361 ts,
605 2304 646 2364 dre·
661 2301 774 2349 immisso
792 2300 865 2350 sero!
881 2301 965 2349 Lirin.
981 2301 1085 2349 annisus
1096 2305 1234 2351 mmm

128 2363 189 2412 edd.
201 2371 261 2412 aute
273 2365 365 2414 Arntz.
400 2366 484 2414 Lirin·
495 2364 566 2427 conj.
583 2371 698 2422 andrum,
711 2374 738 2415 st
750 2367 787 2414 sic
799 2365 877 2413 habet
888 2367 974 2415 Moerl.
1008 2367 1095 2416 Facile
1106 2367 1163 2414 baec
1175 2381 1238 2433 per-0

127 2435 271 2478 mutantur.
304 2428 346 2479 Cf.
364 2444 443 2491 supra
463 2443 526 2479 vrrs.
542 2433 568 2478 2.
586 2436 722 2480 reserentor
737 2427 854 2479 erenan'.
871 2430 963 2492 Stepb.
978 2430 1064 2480 Lirin.
1080 2438 1233 2481 commoror

128 2493 192 2543 Vet.
204 2495 318 2544 Putean.
331 2494 392 2543 ver.
403 2495 488 2544 Lirin.
501 2495 603 2542 Berlin.
615 2496 680 2544 Exc.
695 2498 774 2560 Lang.
791 2495 897 2557 Cuspio.
915 2495 1028 2558 Goelph.
1046 2495 1079 2542 P.
1094 2496 1188 2558 Steplr.
1205 2504 1233 2546 et

128 2568 241 2609 recenti.
257 2566 280 2609 et
292 2560 359 2621 quusi
370 2560 412 2608 illa
423 2560 555 2620 mejestatis
566 2560 673 2622 Cnspin.
691 2561 809 2609 Rhenan.
826 2559 918 2623 Steph.
932 2561 1015 2608 Lirin.
1031 2561 1039 2588 ⁴
1052 2560 1107 2609 Pro
1118 2562 1163 2610 illo
1174 2562 1234 2610 cod.
1265 2584 1270 2594 ·

129 2625 186 2674 Lis.
199 2626 275 2674 Bert·
286 2624 349 2673 Pnt.
361 2626 448 2674 Moeri.
460 2627 509 2679 itte,
521 2624 589 2687 quod
603 2640 690 2675 verum
703 2626 844 2677 arbitratur
856 2626 997 2689 Livineius,
1007 2630 1036 2673 et
1045 2626 1162 2674 editores
1174 2642 1234 2687 pos·

128 2689 240 2739 teriores
251 2689 362 2752 amplexi
375 2698 444 2739 sunt.
477 2690 606 2738 Livineius
619 2705 680 2740 rero
696 2700 724 2740 et
742 2692 822 2741 verba
834 2691 992 2752 transponit,
1001 2691 1070 2739 buuc
1081 2691 1107 2739 in
1119 2692 1234 2756 modum,

128 2760 152 2804 et
164 2755 205 2804 ille
214 2758 283 2819 quusi
298 2754 391 2815 majest.
408 2758 450 2818 ξε.
467 2756 525 2810 etsi,
538 2770 613 2818 quem
626 2764 717 2806 auctor
728 2758 800 2810 velit.
812 2754 936 2815 expedire
948 2770 976 2805 se
987 2761 1076 2818 negat.
1110 2756 1235 2818 Fortem,

127 2819 221 2886 iuquit,
233 2821 367 2882 Faustum,
378 2834 393 2868 e
404 2821 554 2870 Minerviae
571 2819 660 2870 tilium.
694 2822 745 2870 Sed
759 2822 827 2871 hanc
842 2822 966 2869 Faustum
978 2835 1000 2870 s.
1011 2821 1130 2882 Crispum
1143 2819 1233 2879 filium,

128 2900 161 2935 eo
173 2894 300 2948 ternpore,
313 2886 426 2934 nondum
444 2884 522 2934 fnisse
534 2886 676 2948 Caesarem,
689 2887 805 2951 adeoque
819 2900 868 2934 nec
880 2887 987 2944 socium,
997 2892 1084 2934 monet
1096 2885 1234 2938 Cellarius.

130 2949 263 3000 Acidaliae
281 2951 392 3015 primum
412 2951 579 3013 reprehendit
596 2952 757 3008 Rhenanam,
769 2951 812 3017 qni
828 2964 876 3014 pro
893 2952 1012 3014 qnasiiilu
1024 2951 1164 3014 legendnm
1176 2967 1234 3002 esse

127 3017 276 3079 suspicetur
286 3016 409 3079 quantitas,
420 3030 477 3080 qnae
490 3030 538 3091 vox
555 3031 606 3078 qua
619 3017 718 3066 ratione
730 3018 781 3065 hnc
793 3015 914 3094 quadret,
925 3030 1002 3065 nemo
1013 3013 1124 3065 fortasse
1137 3019 1234 3078 poterit

129 3093 263 3194 gieetbbbm
275 3080 1234 3210 Ivlppppebqtpiglppajtpllpleitfiaeg!‚pgffpsinrssqaqugttp:rgrtrpquplqprespenttgpenrps

129 3211 246 3273 conjicit,
256 3210 390 3271 adveneris,
400 3215 444 3259 unt
454 3210 506 3272 qais
515 3210 577 3258 alins
586 3210 719 3272 mejestatis
730 3216 776 3260 iure
787 3226 863 3259 comes
874 3216 898 3260 et
907 3211 992 3266 socius,
1003 3210 1083 3274 stagr-
1093 3218 1123 3260 nt
1134 3212 1234 3276 Paneg.

128 3287 168 3325 vr.
181 3280 205 3324 2.
216 3282 240 3324 5.
258 3278 265 3305 ‘
279 3276 353 3325 Inter
369 3289 456 3324 omnes
471 3275 612 3337 participes
628 3277 771 3339 majestatis
783 3274 852 3332 tuae,'
863 3279 913 3324 dre.
945 3275 998 3324 Sed
1010 3277 1126 3338 quisnam
1140 3277 1182 3327 bic
1194 3293 1233 3326 so·

129 3340 185 3388 cius
196 3348 223 3388 et
235 3354 322 3389 comes
333 3341 478 3404 majestatis
489 3341 522 3388 sit
536 3339 678 3397 lrabendns,
691 3356 742 3389 non
753 3340 868 3400 iudicat3
886 3354 935 3389 nec
946 3340 995 3390 sibi
1006 3340 1061 3402 ipse
1074 3339 1233 3392 satisfecisse

128 3404 233 3454 ridetur
244 3405 292 3453 hac
303 3406 461 3468 conjectura.
490 3403 597 3454 Profert
608 3407 674 3454 enim
687 3407 809 3455 alteram:
827 3403 959 3461 adveneris,
971 3405 1038 3468 quasi
1048 3406 1091 3454 illo
1102 3405 1234 3466 mejestatis

130 3474 179 3518 tuoe
195 3485 271 3520 comer
288 3476 312 3518 et
327 3471 389 3519 socia
400 3469 521 3534 flagrabit
531 3475 581 3519 tots
592 3471 684 3526 auitos,
696 3473 736 3534 qs.
769 3471 916 3532 Majestatis
928 3484 1025 3528 carnes,
1038 3479 1147 3533 propter
1161 3480 1233 3522 vete·

128 3547 185 3584 rem
202 3534 367 3596 splendorem
379 3545 406 3583 et
418 3535 611 3584 fraternitatem
630 3537 696 3599 Pop.
713 3536 832 3590 Romani,
850 3543 879 3584 nt
891 3547 1036 3598 supra,1rr.
1048 3539 1072 3584 1.
1089 3537 1169 3587 ‘Ono
1189 3552 1233 3586 no·

129 3600 218 3656 mine‚'
234 3600 326 3664 inquit,
342 3602 349 3627 ‘
361 3607 388 3648 et
400 3601 568 3649 communitas
581 3604 673 3650 amoris
685 3606 803 3664 apparet,
815 3607 841 3650 et
852 3600 986 3663 dignitatis
998 3600 1153 3661 aeqrrattrasss
1181 3601 1233 3651 Sed

129 3666 187 3715 nae
199 3667 266 3715 ratio
278 3664 413 3714 admodum
426 3665 509 3713 aliena
521 3672 561 3713 est
579 3666 601 3714 tr.
614 3665 630 3715 l.
664 3665 784 3716 Acidalio
798 3666 935 3715 accederet
948 3665 1083 3721 Cell'arins,
1096 3666 1233 3715 accedere·

129 3745 186 3781 mur
198 3738 226 3783 et
236 3746 292 3795 nus,
302 3733 323 3781 ri
335 3731 394 3780 libri
406 3744 453 3794 pro
464 3731 540 3782 sorios
550 3731 675 3781 baberent
685 3733 758 3783 socia.
791 3732 896 3795 Verum,
906 3746 963 3781 cum
974 3730 1000 3780 in
1011 3731 1082 3780 nullo
1094 3746 1185 3781 eorum
1197 3733 1233 3782 its

625 3862 734 3913 NOTAE

162 3966 173 3991 '
193 3958 238 4008 lile
248 3958 380 4020 maiestatis
397 3964 444 4009 ture
454 3959 541 4022 comes]
557 3965 564 3988 ⁴
577 3957 660 4009 Quem
702 3959 746 4009 ille
757 3959 890 4020 majestatis
901 3963 949 4009 tae
958 3971 1042 4014 comes,
1055 3959 1095 4020 isc.
1107 3961 1135 4005 nt
1148 3956 1232 4021 pietas

130 4035 212 4093 velit,'
228 4036 311 4100 inquit
328 4036 470 4091 Livineius,
489 4035 496 4061 ‘
514 4048 564 4083 non
582 4049 660 4096 expe·
701 4044 807 4086 vocetur
819 4037 966 4098 benignitas
978 4036 1022 4084 illa
1040 4049 1090 4099 qna
1108 4034 1232 4085 Constan-

131 4111 190 4171 dio;
213 4110 322 4162 forsitan
346 4113 469 4170 Faustum
498 4126 513 4160 e
535 4110 659 4159 Minervi·
702 4113 771 4162 tinus
785 4111 811 4160 in
825 4112 1124 4162 Flavienseseratusns.

131 4202 165 4237 na
182 4185 280 4237 tilium!
315 4187 448 4240 Acidalius
464 4188 526 4252 legit
545 4193 568 4238 et
581 4186 660 4250 pietus
