2730 4726
309 328 535 379 usxrursrro
560 326 606 376 nr
630 327 913 378 consruurruo.
953 330 1002 378 vr.
1021 313 1056 380 a.
1149 313 1239 383 1325

128 479 211 559 post
223 475 349 540 urbem
369 473 546 539 conditam
568 473 721 539 evenisse
745 473 883 538 tandem
909 476 1170 556 gratulabamur,
1195 490 1238 543 ne

124 577 314 642 mutatoria
336 596 398 660 per
420 595 529 641 novas
554 575 700 641 familias
723 577 907 641 communis
932 577 1053 642 saletis
1075 580 1238 660 guberna·

127 681 209 746 cula
230 680 451 757 traderentur,
467 679 502 743 id
521 698 568 743 ex
588 678 764 744 omnibus⁰
783 679 880 744 duret
901 680 1072 760 aetatibus,
1087 680 1238 764 Impera·

126 788 221 849 tores
238 802 371 867 semper
384 781 566 846 Herculei.

172 886 269 951 Gar.
292 901 353 949 ιιι.
395 885 429 948 1.
454 882 643 962 Quemnam
668 883 771 965 igitur
793 884 969 969 utriusque
985 890 1130 950 vestrum
1152 906 1238 969 prae-

127 989 233 1062 conii,
261 1006 303 1053 ac
329 986 556 1054 venerationis
583 985 734 1050 ordinem
760 986 911 1051 faciam?
943 986 1052 1052 adhuc
1083 989 1170 1053 enirn
1195 990 1238 1054 de

127 1091 306 1168 amborum
336 1089 370 1154 in
403 1090 490 1155 banc
526 1088 816 1153 necessitudinem
854 1090 1117 1172 congruentibus
1146 1093 1238 1157 rotis

127 1192 354 1258 communiter
368 1191 450 1256 dixi.
495 1190 528 1255 2.
550 1190 597 1254 Et
612 1198 646 1255 ta
661 1190 794 1274 quidam
811 1190 930 1266 sentio,
948 1192 1060 1257 senior
1074 1191 1238 1276 Auguste,

127 1294 314 1378 majestate
337 1293 553 1378 ‹praeccdere3
580 1300 615 1358 te
642 1293 753 1375 sequi,
765 1292 905 1376 junior?
927 1292 1124 1377 Imperator.
1168 1295 1238 1361 Sed

128 1395 314 1479 profacto,q
337 1395 425 1458 sicut
440 1398 512 1472 tuo,
528 1393 762 1470 Constantine,
778 1412 897 1459 socero
912 1403 991 1460 ante
1006 1404 1060 1461 est
1076 1399 1238 1464 concilia-

128 1503 163 1562 ta
177 1496 353 1576 divinitas,
367 1515 445 1560 cum
461 1497 505 1561 ab
522 1514 562 1560 eo
579 1495 699 1579 pignus
714 1495 784 1579 ipsi
800 1497 1011 1563 carissimum
1035 1500 1237 1582 postulasti;

129 1599 178 1665 ita
193 1618 281 1663 nunc
292 1618 427 1682 quoque
441 1599 475 1662 ln
490 1599 554 1664 lrac
569 1597 791 1681 gratulatione
807 1599 901 1682 prius
915 1601 973 1665 illa
988 1600 1131 1668 dicenda
1144 1612 1237 1682 sunt,

130 1721 208 1785 qnae
224 1702 260 1766 in
276 1707 309 1767 tc
323 1700 540 1766 considerans
555 1705 669 1766 tantus
684 1700 751 1764 ista
773 1707 807 1766 et
829 1704 958 1785 paterni
978 1711 1011 1769 et
1030 1707 1098 1770 tui¹
1119 1713 1237 1772 auctor

594 1862 777 1888 ”neuneu

127 1981 229 2046 sublim
249 1996 315 2044 prop.
344 1979 460 2030 &udam
482 1980 548 2029 lrsnc
568 1978 708 2029 lectionem
730 1979 836 2031 incod.
859 1979 930 2031 Pitlr.
952 1980 1052 2030 invenlt
1070 1988 1099 2032 et
1117 1983 1237 2047 probavit

131 2049 277 2097 Puteanus.
307 2045 360 2095 Sed
379 2051 466 2108 potest
483 2052 591 2112 recepta
609 2046 693 2094 locum
706 2060 779 2094 strum
790 2053 931 2110 utcumque
944 2045 1031 2095 tueri!
1047 2048 1140 2108 daeger.
1167 2050 1237 2099 Vide

129 2113 208 2163 Nott.
220 2113 297 2160 Vsrr.
324 2111 410 2159 Lirin.
423 2109 492 2174 conj.
503 2111 598 2159 tandem
606 2112 774 2171 gratulantum·
788 2111 889 2161 Acidal.
905 2113 999 2160 tandem
1008 2115 1159 2172 gratulamur
1171 2147 1178 2162 .
1191 2148 1198 2164 .
1211 2146 1237 2163 ..

129 2180 269 2228 traduntur.
297 2175 384 2225 Vatia.
401 2176 464 2225 Vet.
478 2175 590 2224 Putean.
603 2175 664 2225 Vet.
678 2175 761 2225 Lirin.
773 2176 876 2226 Bertin.
887 2176 913 2225 id
924 2191 956 2224 ex
964 2193 973 2234 ,·
992 2177 1099 2240 Cuspio.
1112 2179 1137 2228 id
1148 2184 1183 2228 est
1194 2180 1237 2230 boc

104 2292 110 2300 ,
127 2241 246 2292 sstaibss.
271 2240 439 2290 ‘Meliorem
457 2240 519 2288 Vet.
531 2240 588 2289 Liv.
599 2241 713 2290 etBert.
731 2241 759 2289 id
774 2256 814 2297 ere,
832 2241 912 2290 habet
930 2255 1032 2305 qnoque
1047 2243 1111 2292 Pnt.
1127 2243 1239 2295 (ludet

127 2307 218 2357 Mori.
246 2306 461 2356 Eurendationem
473 2304 580 2354 Gruteri
591 2304 616 2352 t'd
626 2311 662 2354 est
674 2308 798 2355 mutantis
811 2307 836 2354 in
848 2307 911 2355 idern
924 2308 1034 2369 protulit
1050 2309 1128 2358 etiam
1141 2310 1238 2359 Patra·

128 2387 186 2422 nus.
213 2370 393 2420 Schonhorins
409 2371 436 2419 iu
453 2371 571 2432 margine
585 2369 628 2417 ed.
645 2371 728 2421 lllren.
741 2373 884 2433 annotarit,
903 2381 961 2434 post
977 2387 1064 2422 vocent
1077 2376 1237 2438 traderentur,

128 2436 301 2486 momatur.
330 2434 419 2484 Possit
430 2434 542 2484 fortasse
549 2434 626 2499 jungi
638 2434 700 2484 idem
715 2436 766 2486 boc.
799 2437 939 2502 vulgatum
954 2438 1028 2486 idest
1040 2439 1126 2489 locum
1138 2439 1180 2489 lric
1192 2440 1237 2489 lra-

100 2541 102 2545 >
129 2503 193 2553 bere
204 2515 257 2550 uon
268 2513 343 2564 posse
354 2499 430 2551 facile
443 2506 525 2562 patet.
560 2500 880 2565 Ausussumitnquecum
893 2503 1236 2570 Put.Grut.etPst.repo·

128 2581 192 2618 nere
203 2567 285 2624 idem3
301 2565 363 2615 licat
381 2565 496 2614 clausula
511 2563 648 2614 sententias
662 2565 815 2628 imperatores
829 2581 920 2631 semper
932 2567 1047 2618 Herrmei
1062 2583 1120 2619 cum
1133 2578 1237 2619 antece·

126 2632 256 2685 dentibus
268 2630 353 2680 verbis
363 2644 415 2679 non
427 2629 490 2679 satis
501 2629 569 2679 belle
580 2629 714 2678 coherere
726 2629 856 2680 rideatur.
888 2632 940 2682 Sed
950 2633 975 2681 in
984 2632 1055 2683 hisee
1066 2635 1237 2698 scriptoribus

128 2713 181 2749 non
194 2696 282 2746 omnia
294 2695 326 2744 sd
339 2708 455 2744 severam
466 2693 572 2743 dicendi
584 2695 668 2757 legem
680 2709 736 2743 esse
749 2696 889 2758 exigenda,
906 2696 1028 2747 constat!
1043 2699 1135 2761 Joeger.
1168 2700 1237 2749 Vide

129 2765 209 2815 Nott.
219 2762 299 2811 Varr.
326 2761 486 2821 Imperatores
495 2759 555 2808 dicti
566 2773 656 2823 semper
668 2759 778 2810 Herculii
789 2761 850 2810 Vet.
863 2762 976 2811 Putean.

162 2829 233 2878 Cur.
245 2839 290 2875 ιιι.
306 2828 319 2873 1
335 2824 411 2880 Quertr
421 2824 498 2885 igitar
509 2825 611 2873 Berlin.
639 2823 770 2879 Quemnam
781 2826 849 2888 conj.
862 2824 964 2875 Aetdat.
993 2826 1109 2882 Quoenum
1121 2825 1237 2891 Guetpb.

127 2892 165 2944 H.
178 2890 272 2955 Stepb.
290 2889 375 2939 Riviu.
393 2889 511 2939 Rhensn.
538 2890 568 2938 de
585 2887 696 2938 ambobus
713 2890 800 2939 Rivin.
824 2893 853 2939 de
869 2891 989 2940 amborum
1006 2891 1068 2939 Vet.
1088 2891 1158 2941 l'ith.
1175 2894 1237 2945 Vel.

124 2956 235 3007 Berlin.
255 2955 320 3004 Exn.
336 2955 419 3017 Lang.
440 2953 548 3015 crispin.
564 2961 592 3003 et
609 2952 669 3001 edd.
688 2961 753 3004 vett.
780 2955 964 3016 coeptantibus
974 2955 1039 3004 cobis
1050 2955 1164 3019 Guelplr.
1176 2957 1237 3007 edd.

128 3030 195 3072 vett.
222 3019 407 3082 congruentibus
425 3019 487 3067 cotis
503 3019 567 3067 Esc.
586 3017 717 3080 ηιμ-2
735 3019 854 3069 Rhenan.
873 3020 908 3068 H.
923 3027 950 3068 et
964 3020 996 3068 Ρ.
1006 3021 1097 3084 Stepb.
1109 3031 1136 3072 et
1148 3023 1235 3073 Ririn.

128 3085 252 3148 majestati
260 3101 270 3143 ,·
283 3085 344 3133 Vct.
356 3084 468 3132 Porsen.
479 3082 542 3133 Vnt.
554 3082 639 3132 Lirin.
649 3089 676 3132 et
690 3082 751 3134 edd.
766 3092 879 3133 recentt.
891 3085 1023 3147 majestate.
1050 3085 1154 3138 Acidsl.
1170 3089 1238 3154 conj.

127 3155 193 3202 εἰσαεὶ
203 3165 257 3200 eum
271 3154 321 3202 ltro,
340 3150 379 3198 vel
390 3148 454 3197 sicut
471 3147 497 3195 irs
513 3152 571 3205 tuo,
592 3149 641 3203 rel,
655 3148 716 3197 sicrd
731 3149 777 3199 tui.
810 3150 884 3211 Mox,
898 3151 998 3200 Berlin.
1009 3157 1065 3200 ante
1076 3156 1100 3201 te
1109 3154 1237 3204 conciliatu

127 3217 225 3266 mattas.
254 3213 353 3261 Acidal.
364 3212 433 3276 rorrj.
443 3212 576 3261 consiliata.
590 3219 597 3241 ‘
609 3213 661 3260 Pro
672 3214 820 3275 quamubeo,
829 3216 886 3263 cod.
898 3215 968 3265 Grrd.
981 3216 1098 3265 Rhensn.
1107 3225 1134 3266 et
1144 3218 1236 3280 St'eph.

128 3295 217 3345 quam5
238 3278 345 3340 crispin.
363 3279 449 3327 Lirin.
469 3276 531 3326 Put.
550 3277 631 3339 Laug.
645 3284 672 3326 et
686 3279 772 3326 Moerl.
787 3294 849 3327 cum.
875 3280 927 3328 Sed
940 3280 1002 3342 jure
1014 3282 1160 3346 meritoque
1172 3284 1236 3333 illud

127 3360 200 3410 qnam
212 3348 239 3393 in
251 3343 391 3404 Langianis
403 3340 516 3407 schedis,
527 3341 645 3390 birineio
658 3349 734 3398 teste,
753 3352 895 3405 repertum,
908 3347 998 3394 melius
1009 3360 1066 3395 esse
1071 3346 1193 3409 judicant
1204 3349 1236 3398 P.

126 3410 237 3466 Daniel,
258 3408 423 3470 Bongarsins,
442 3405 556 3456 Putesn.
575 3407 654 3455 Grnt.
671 3415 699 3456 et
717 3417 872 3470 receperunt
890 3409 1062 3473 Parisienses‚
1081 3412 1195 3463 Patarol.
1208 3421 1237 3474 et

128 3472 238 3526 estrat:
251 3474 346 3535 «leger.
379 3471 428 3521 ‘In
447 3469 561 3534 Guelph.
579 3481 621 3521 est
633 3472 663 3519 ab
680 3487 717 3531 en,
731 3475 850 3522 nimirum
865 3475 1009 3534 diatritum
1029 3491 1118 3539 parurn
1136 3477 1238 3528 refert!

127 3541 218 3590 Arata.
246 3539 378 3600 postulares
389 3535 449 3585 edd.
464 3543 530 3584 vett.
557 3537 684 3599 postulasti
696 3537 757 3586 Vet.
769 3539 882 3589 Putean.
894 3541 957 3589 Vnt.
969 3541 1056 3591 Moerl.
1069 3542 1179 3606 Gnelptr.
1201 3544 1237 3592 stc

128 3611 152 3654 st
163 3619 228 3653 stunc
238 3618 328 3666 quoque
336 3601 397 3652 edd.
408 3607 468 3650 ante
480 3601 572 3650 Arntz.
600 3603 636 3651 ita
644 3598 708 3651 irasc
718 3618 807 3666 quoque
822 3605 842 3652 V
845 3613 880 3653 et.
893 3605 976 3654 Lirin.
986 3615 1013 3655 et
1026 3607 1140 3670 Gtrelph.
1162 3608 1235 3662 Mox,

128 3668 235 3721 Aeidsl.
245 3669 315 3731 conj.
332 3673 356 3719 et
370 3667 477 3732 paterni,
492 3671 517 3716 et
532 3665 595 3716 caiti
611 3672 696 3716 erector
713 3669 826 3731 ἐπιμονῆς
847 3670 959 3735 Guclplr.
969 3685 1036 3721 umor
1046 3672 1148 3736 imperii.
1182 3672 1236 3721 Pro

630 3813 738 3864 NOTAE

128 3910 218 3976 lippit,
228 3924 287 3961 ⁰⁰¹¹!
297 3908 365 3959 fflitlt
376 3910 446 3973 patri
456 3908 592 3958 tuteettit·
706 3912 892 3962 Constantinus
900 3911 995 3976 agebat
1006 3925 1100 3960 aunum
1112 3916 1153 3961 st.

162 3995 176 4021 ⁰
192 3987 224 4036 ld
237 4000 270 4036 ex
288 3984 406 4048 mnibus]
434 3982 506 4048 tage
524 3999 582 4034 cunr
594 3984 664 4036 (tru-
736 3997 750 4031 ‘¹
767 3990 817 4040 Sed
824 3990 943 4053 prosecta]
962 3990 1088 4038 Versatur
1110 3989 1134 4037 in
1154 3988 1234 4040 lubri-

129 4071 188 4116 teso
198 4065 270 4120 ideam
282 4064 323 4112 sel
334 4076 393 4112 cum
410 4062 467 4111 aliis
478 4063 512 4111 id.
705 4079 735 4114 co
757 4066 824 4127 loco,
849 4066 942 4116 dubius
965 4065 1047 4114 utrius
1074 4066 1236 4128 imperatoris

174 4149 187 4185 Ρ
213 4139 317 4204 stator]
351 4141 380 4192 st
408 4155 468 4191 cum
494 4141 664 4205 sexagenario
704 4141 1110 4205 laudesprimtrmpersequatur.

131 4219 291 4270 Maximiano
323 4215 484 4280 conferetur,
510 4217 567 4281 ipse
594 4217 663 4268 eninr
736 4219 798 4267 'Et
810 4217 907 4283 paterni
918 4222 941 4266 et
956 4216 1005 4280 tui]
1023 4217 1195 4271 Maximianus
1208 4235 1235 4270 s·
