2730 4726
178 281 266 353 1120
569 297 602 350 o.
625 302 658 351 o.
681 299 898 354 seuwunzrr

179 445 226 510 od
250 462 337 528 qnos
362 442 582 528 imperatores
609 444 732 512 landes
755 447 928 512 habentur.
974 443 1089 518 Multo
1107 453 1284 531 praetereo,

178 564 257 629 quse
274 553 344 610 tum
359 546 551 629 longissime
573 548 617 612 eb
633 548 861 632 intelligentia,
875 555 910 614 et
932 549 1092 615 a'nostris
1114 550 1283 628 sensibus,

180 654 275 714 erant
288 649 449 734 dijuncta,
464 658 499 714 et
513 652 789 734 intelligerentur,
804 669 870 717 non
886 671 1004 736 parum
1019 653 1118 717 nobis
1133 653 1198 719 suit
1214 656 1282 721 ela·

178 750 385 817 horandum!
430 751 501 816 Sed
520 752 632 818 bonus
654 753 787 818 Navius
799 755 880 838 plns
905 754 948 818 de
973 775 1012 820 se
1036 756 1211 839 pollicitus
1232 763 1284 822 est

178 871 277 937 quam
294 852 474 936 praestitit:
497 860 619 937 prester
635 856 724 919 enim
743 856 857 921 brevia
879 863 1088 938 argumenta,
1104 859 1177 924 sive
1193 878 1283 924 sum·

178 956 295 1033 maria,
310 954 452 1038 singulis
467 955 682 1041 Panegyricis
698 959 886 1041 praemissa,
900 959 985 1024 nibil
1002 960 1046 1024 ab
1066 979 1108 1026 eo
1130 961 1282 1027 additum

178 1055 394 1141 deprehendi.

160 1159 163 1167 '
222 1157 317 1225 XII.
340 1158 541 1243 Panegyrici
556 1158 709 1239 Veteres,
728 1160 773 1225 ad
790 1161 971 1245 antiquam,
994 1183 1062 1247 qua
1085 1163 1282 1245 editionem,

178 1279 249 1344 qua
272 1261 488 1344 scripturam,
511 1261 650 1326 infinitis
674 1262 761 1327 locis
788 1263 964 1342 emendati,
987 1272 1023 1330 et
1047 1266 1152 1332 aucti.
1201 1266 1283 1332 Job.

178 1362 367 1442 Livineius,
382 1364 503 1446 Belga,
519 1361 725 1442 (laudensis,
741 1366 949 1443 recensebat,
963 1386 1004 1433 ac
1024 1369 1114 1434 notis
1133 1367 1284 1436 illustra·

178 1467 250 1531 bat.
293 1466 499 1550 Antverpiae‚
526 1485 570 1530 ex
593 1463 725 1531 officina
749 1466 977 1546 Plantiniane,
1004 1484 1094 1534 suu.
1109 1485 1222 1537 xorx.
1251 1471 1283 1537 8.

179 1569 267 1634 Non
278 1590 397 1655 parurn
413 1568 554 1640 contulit
569 1569 744 1634 Livineius
764 1567 807 1634 ed
823 1569 886 1634 hos
897 1569 1124 1656 Panegyricos
1140 1592 1284 1656 purgen-

179 1674 255 1753 dos,
270 1694 364 1752 usus,
379 1693 447 1758 qua
462 1673 612 1756 scriptis,
627 1693 696 1757 qua
715 1673 874 1755 vulgatis,
890 1674 1091 1758 codicibus3
1113 1677 1282 1755 nimirum,

110 1850 113 1863 .
179 1776 270 1861 quod
286 1777 320 1840 in
337 1775 601 1841 Praefatiuncule
620 1775 664 1840 ad
684 1776 859 1841 Lectorem
876 1772 1133 1846 commemorat:
1163 1779 1197 1844 1.
1214 1780 1285 1846 Ve-

178 1885 274 1942 tusto
289 1878 476 1962 exemplari
489 1878 524 1941 in
539 1879 732 1942 membrana
748 1884 902 1957 exarato,
916 1880 1007 1962 quod
1024 1881 1100 1964 ipse
1115 1883 1283 1964 possedit.

178 1972 213 2046 Ξ.
236 1980 445 2064 Apographo
460 1979 588 2043 codicis
602 1980 745 2063 antiqui,
764 2000 863 2063 quem
877 2000 897 2044 e
912 1981 1132 2048 Bertiniensis
1147 2004 1285 2051 menese

178 2082 253 2149 terii
268 2080 545 2165 Andomarapole
566 2082 695 2164 scripto
717 2081 835 2146 codice
859 2081 1094 2167 descripserat,
1110 2093 1144 2150 et
1164 2085 1285 2153 Marco

179 2183 332 2248 Well'ero
345 2183 533 2248 donaverat
544 2183 748 2248 Franciscns
761 2184 909 2249 Medius.
943 2187 974 2251 3.
990 2186 1173 2252 Veteribus
1188 2189 1286 2254 sche-

180 2284 246 2364 dis,
262 2305 350 2368 quas
365 2284 584 2349 doctissimus
598 2283 674 2348 Cer.
687 2285 839 2366 Langius
851 2286 895 2350 ad
907 2284 1155 2354 Frobenienam
1170 2290 1286 2355 lectio-

178 2406 256 2458 nem
284 2387 485 2452 contulerat.
537 2387 570 2450 4.
600 2385 760 2450 Editione
790 2386 1003 2471 cuspiniani,
1032 2410 1111 2475 qnee
1139 2390 1285 2458 Viennae

179 2490 317 2573 prodiit,
343 2505 530 2553 u.n.x1u.
557 2509 658 2572 qnam
679 2488 802 2555 iustus
836 2491 970 2574 Lipsius
997 2493 1287 2577 suppeditaverat.

180 2595 213 2657 5.
248 2592 406 2656 Editione
441 2592 540 2657 Beati
576 2590 743 2668 Rhenani,
778 2612 880 2675 quam
914 2593 1099 2663 Frobeuius
1133 2596 1284 2666 excudit.

179 2695 214 2762 6.
238 2695 451 2778 [lugdunensi
467 2694 614 2782 editione
628 2713 695 2758 non
711 2694 809 2759 nnius
824 2695 901 2758 anui
916 2701 950 2760 et
970 2699 1181 2782 typographi.
1226 2697 1286 2780 Li·

73 2810 78 2817 '
103 2853 104 2856 ,
180 2799 317 2865 vincius
332 2817 469 2876 novum,
486 2816 631 2881 eumque
655 2814 676 2860 a
698 2796 928 2878 superioribus
946 2796 1113 2863 diversum
1132 2799 1286 2866 ordinem

180 2903 216 2968 in
235 2902 442 2968 collocandis
464 2900 683 2985 Panegyricis
709 2901 831 2978 tenuit,
856 2921 957 2983 quem
977 2901 1140 2986 deinceps
1161 2903 1287 2970 Grute«

180 3024 251 3083 rue,
270 3004 494 3095 Parisienses,
513 3010 549 3067 et
564 3002 774 3077 recentiores,
790 2989 957 3068 Gellariu's
974 3022 1015 3067 ac
1031 3002 1194 3085 Paterol,
1210 3010 1287 3071 sunt

182 3106 303 3172 secuti.

229 3207 332 3272 Plinii
344 3199 577 3291 ¹Epistularum
593 3205 688 3271 Libri
705 3222 744 3270 x.
769 3205 920 3290 ejusdem
944 3205 1178 3291 Panegyricus
1203 3207 1288 3277 Tra·

178 3311 265 3397 jano
287 3310 397 3376 dictus
420 3329 495 3374 cum
519 3302 768 3374 commentariis
786 3307 844 3373 Jo.
861 3309 983 3374 Mariae
1000 3308 1168 3374 Catansei.
1213 3310 1288 3378 Au-

179 3413 290 3500 juocti
315 3417 393 3476 snnt
415 3411 484 3487 alii,
509 3411 555 3476 ud
581 3411 668 3476 alios
692 3409 861 3483 Caesares,
888 3411 1095 3496 Panegyrici,
1119 3411 1163 3476 ed
1185 3410 1288 3484 fidem

182 3517 309 3582 vetusti
323 3514 528 3598 exemplaris
543 3513 720 3580 emendati.
775 3513 979 3578 Excudebat
995 3513 1125 3579 Paulus
1140 3513 1287 3597 Stepha-

182 3639 248 3691 nus
271 3638 329 3684 an.
355 3634 473 3715 mour.
495 3619 527 3682 4.
574 3617 665 3683 Haec
690 3617 797 3682 editio
823 3616 949 3699 saepius
978 3617 1103 3700 prodiit
1128 3615 1310 3720 Genevae,

184 3722 360 3790 sumtibus.
370 3718 539 3786 Samuelis
555 3718 699 3784 Obouet.

227 3821 336 3890 XIV.
358 3821 558 3905 Panegyrici
573 3820 728 3899 Veteres,
749 3840 824 3885 cnm
842 3820 944 3885 Notis
961 3817 1154 3884 Veriorom.
1199 3819 1289 3901 (Ad-

184 3928 275 4000 ditur
302 3924 531 4007 Panegyricus
561 3920 716 3997 Ansonii,
746 3923 823 3987 item
854 3927 888 3988 et
913 3921 1086 4002 Ennodii.)
1129 3922 1289 4003 Parisiis,

160 4048 167 4056 ²
186 4029 279 4114 apud
296 4026 474 4091 Claudium
488 4026 518 4089 le
535 4027 642 4103 Besa,
659 4044 747 4089 anno
765 4043 802 4089 u.
816 4041 1024 4089 n.o.xr.111.
1039 4025 1093 4089 12.
1139 4024 1290 4093 Dedica-

186 4135 233 4208 tio
255 4130 419 4214 inscripta
440 4133 494 4195 est
516 4126 667 4197 Henrico
694 4127 736 4192 de
754 4127 928 4207 Bourbon,
951 4127 1102 4212 Principi
1123 4125 1288 4221 Condaeo.
