2730 4726
447 339 731 391 uuuncrurcos.
765 339 843 389 xrs.
865 321 922 389 21.
1137 317 1226 391 lesa

103 491 274 564 .cos,⁰fei
300 483 466 552 Romulos
491 483 709 563 conditores,d
739 505 874 568 regnum
904 502 1014 568 usque
1037 482 1080 550 ud
1108 503 1224 552 nemen

128 591 257 657 odisse
300 590 334 655 4.
357 590 510 674 Denique
528 591 640 674 ipsum
663 591 755 655 illum
777 588 999 672 Tarquinium
1012 589 1226 654 execratione

127 701 302 779 postrema
316 691 381 756 huo
396 691 637 758 damnaverunt
650 691 847 770 maledicto,
860 695 895 755 st
908 689 1077 755 hominem
1090 690 1227 756 libidine

127 796 356 880 praecipitem,
378 796 522 861 avaritia
544 816 686 874 mcum,
700 796 879 859 immanem
894 792 1099 870 crudelitate,
1109 793 1227 859 imore

128 899 317 977 vecordem,
331 903 540 968 vocaverunt
559 907 568 939 ⁶
581 895 793 982 Superbum,'
807 904 842 962 ei
857 901 1060 981 putaverunt
1073 893 1227 961 sufficere

129 1003 331 1074 convicium.
372 1003 407 1066 ir.
430 1001 532 1082 Quod
552 1002 664 1087 siper
684 1020 791 1067 rerum
807 1007 954 1069 naturam
970 999 1097 1075 liceret,
1113 1005 1154 1063 ut
1167 999 1226 1064 ille

128 1105 298 1171 Bomauae
321 1105 486 1171 libertatis
512 1113 667 1184 assertor,
688 1105 771 1186 regii
793 1104 937 1169 nominis
966 1101 1117 1167 Brutus·
1138 1122 1227 1175 osor,

127 1204 291 1288 precariae
313 1203 462 1270 redditus
488 1205 595 1282 viter
614 1205 779 1270 saeculum
802 1208 896 1268 nrum
923 1208 1080 1278 cerneret,
1103 1200 1227 1269 studiis

127 1307 277 1386 virtutis,
301 1307 527 1390 parsimoniae,
553 1307 773 1373 humanitatis
793 1306 958 1370 imbutum
985 1324 1026 1371 ac
1050 1303 1226 1380 refertum

128 1517 244 1579 extare
259 1511 431 1596 vestigium
444 1533 454 1593 ς
471 1513 544 1597 jam
559 1519 594 1577 te
604 1514 715 1596 ipsum
732 1532 800 1597 qua
811 1511 961 1595 publice,
975 1529 1042 1595 qua
1056 1511 1226 1594 privatim,

89 1611 92 1616 ’
128 1613 256 1680 videret
270 1614 455 1696 priscorum
471 1614 599 1681 duritia
613 1615 747 1693 ducum,
762 1615 916 1679 castitate
926 1613 1135 1697 pontificum,
1145 1633 1225 1681 cou-

129 1717 241 1783 suium
252 1716 497 1792 moderatione,
512 1718 692 1801 petitorum
709 1713 888 1783 comitatef
908 1717 1096 1799 viventem3
1116 1724 1228 1785 muia-

128 1826 180 1889 ret
204 1820 354 1904 profecto
375 1821 574 1887 mamutium
595 1826 691 1885 tauto
706 1826 783 1902 post
797 1837 913 1884 suam:
936 1819 969 1888 6,
992 1827 1039 1897 et,
1056 1819 1228 1888 cumRo·

129 1940 264 1988 menam
276 1921 475 2006 dignitatem
488 1941 533 2015 *ec
547 1921 735 1988 libertatem
753 1921 923 2005 probaret,
938 1906 1075 1987 meliore
1087 1923 1121 1989 iu
1134 1927 1226 1990 statu

126 2023 338 2108 Imperatore
352 2032 385 2091 te
397 2046 473 2094 esse
489 2046 591 2111 quam
607 2024 746 2091 consule
761 2025 951 2102 sciuisset,
972 2025 1162 2091 necessario
1177 2025 1227 2092 iu·
1328 2022 1330 2026 ’

130 2132 266 2204 mmor,
275 2125 497 2212 Tarquinium
512 2128 712 2194 summoveri
729 2127 901 2199 debuisse,
915 2147 981 2191 nou
996 2147 1140 2208 regnum.
1204 2189 1206 2193 Α

131 2255 133 2276 =
173 2223 264 2296 Otr,
282 2245 368 2297 xxr.
406 2233 439 2299 l.
460 2231 529 2297 Sed
554 2230 646 2315 quod
667 2231 780 2296 iacere
803 2250 944 2312 magnas
965 2231 1064 2296 urbes
1087 2230 1228 2312 ingressi

128 2329 289 2413 solemus,
304 2340 341 2396 ut
356 2334 500 2416 primum
515 2353 638 2424 serrxras⁴
654 2334 758 2411 sedes,
775 2341 808 2399 et
823 2333 936 2399 dicata
955 2333 1081 2400 numiui
1097 2352 1227 2400 summo

130 2430 272 2497 delubra
287 2434 451 2514 visamus,
466 2445 537 2500 tum
551 2436 634 2515 sora,
647 2445 752 2521 atque
764 2436 952 2521 gymnasia,
964 2443 998 2500 et
1009 2456 1070 2522 pro
1085 2438 1157 2503 suis
1168 2455 1228 2500 ex·

162 2613 176 2648 ‘³
192 2616 322 2682 Impetruto
332 2619 439 2684 precibus
448 2622 480 2674 od
488 2620 565 2696 eitun
573 2620 662 2672 reditu.

128 2859 228 2913 Seiteff.
239 2869 267 2912 st
277 2863 338 2915 edd·
350 2865 434 2917 Paris.
449 2881 549 2929 reguum
559 2881 639 2932 osque,
649 2875 679 2917 ut
691 2867 759 2931 conj.
770 2866 922 2920 deidei—⁴1
938 2867 992 2917 Pro
1005 2870 1155 2928 corruerunt,
1167 2863 1229 2914 Aci·

130 2926 183 2975 d'ai.
198 2929 267 2992 conj.
290 2931 481 2994 mouerent—5
505 2931 576 2985 Edu:
594 2942 659 2984 vett.
682 2933 770 2982 studiis
790 2933 883 2990 virtum
905 2933 969 2981 Vet.
989 2933 1100 2981 Puteum
1118 2940 1146 2981 et
1164 2930 1229 2980 Exn.

121 2991 275 3044 Sithonios.
293 2995 380 3045 studiis
390 2997 498 3046 uirtute.
523 2999 576 3048 Pro
586 2999 747 3060 parcimonie,
754 2997 890 3048 Acidaliae
901 2998 967 3061 conj.
977 2998 1131 3048 verecundie.
1153 2997 1229 3061 Mor,

128 3056 208 3171 ξηαπ
225 3063 274 3111 tum
291 3061 381 3123 puilim
399 3077 469 3126 quum
487 3063 603 3127 priuatim
621 3065 685 3115 Erre.
707 3063 852 3113 Schouhov.
885 3062 939 3112 Pro
960 3063 1088 3128 petitorum
1109 3062 1229 3118 comitate,

128 3129 244 3253 ‘uutgzm
259 3125 324 3191 conj.
346 3133 477 3192 pratorum
493 3128 663 3180 comitare-e
679 3127 784 3180 Acidsi.
802 3128 870 3194 conj.
885 3129 995 3192 proismet
1017 3128 1046 3179 isi
1065 3128 1161 3179 meliore
1180 3132 1229 3176 stu·

157 3222 167 3253 ‚
218 3224 225 3243 .

565 3263 567 3268 ’
624 3289 733 3342 norm

128 3396 232 3452 Sabinis
250 3398 410 3468 Aibsuisque
429 3402 579 3469 subigendis
597 3410 661 3457 nota
700 3403 766 3456 sium
787 3402 867 3455 liceat
887 3395 919 3468 si¹
931 3418 1042 3455 vacuare
1058 3418 1158 3456 nemus.
1191 3403 1229 3455 Te

128 3475 268 3526 fortitudo.
700 3480 767 3530 duce
779 3479 902 3542 gaudebit
913 3481 1010 3530 Brutus
1022 3510 1028 3526 .
1041 3513 1064 3529 ..
1074 3513 1081 3528 .
1093 3481 1154 3545 Ipse
1166 3492 1229 3544 quc·

162 3560 174 3586 ⁶
191 3552 425 3620 Namussocnficos]
442 3558 536 3608 Numae
554 3559 659 3626 Pompi·
700 3574 751 3625 que
767 3557 873 3608 inferuis
892 3567 1027 3608 revocatus
1046 3559 1114 3608 Ditis
1129 3557 1161 3606 ub
1174 3571 1229 3606 um·

95 3651 101 3661 κ
128 3629 159 3680 iii
170 3631 278 3680 secundi
288 3631 461 3682 Romanorum
471 3634 538 3698 regis
546 3635 658 3685 usiebra-
700 3635 764 3696 bris,
785 3635 813 3684 Si
833 3635 898 3686 Cato
914 3634 1048 3692 reddatur,
1067 3633 1229 3685 Cesariauus

129 3713 158 3757 ts
177 3708 342 3771 est-insignis
358 3709 385 3758 iu
400 3709 566 3760 instituendis
579 3711 660 3761 saeris
700 3709 773 3761 erit!
1154 3728 1156 3733 ·

129 3782 215 3846 pistas
225 3791 253 3833 st
264 3783 363 3850 religio.
733 3785 884 3838 ‘Petitarum
895 3787 1016 3852 emitote]
1034 3785 1074 3837 Ari
1090 3785 1229 3851 legendum

132 3877 136 3894 ¹
163 3856 306 3910 ‘Romnae
321 3860 466 3924 conditores]
482 3861 532 3912 Cui
547 3875 599 3912 nou
616 3876 660 3912 uo·
696 3870 827 3930 praetmm
844 3868 963 3922 sumitate,
978 3874 1007 3915 ut
1025 3864 1157 3915 Baiduiuo
1174 3864 1230 3929 pia·
1260 3859 1262 3870 '

100 3964 102 3972 ι
129 3940 174 3986 tus
195 3935 320 3987 Romame
341 3939 411 3988 urbis
429 3939 546 3991 conditor
566 3941 660 3991 Romu·
699 3943 758 3993 ceti
774 3943 843 3993 Satis
856 3950 917 4008 apte
927 3943 958 3991 ad
967 3941 1029 3992 iilud
1039 3941 1119 3992 Ptiuii
1129 3942 1229 4005 Psueg.

129 4013 192 4064 iusi
256 4043 259 4049 ·
699 4033 758 4083 cup.
769 4033 808 4070 rx.
826 4021 898 4069 ‘Vos
910 4019 972 4069 mitri
982 4019 1008 4068 io
1018 4019 1230 4084 tribunatuquie·

134 4093 148 4128 Γ
162 4097 175 4127 s
190 4089 295 4156 emto]
314 4092 441 4156 Respexit
455 4092 488 4144 sd
503 4094 569 4144 iiiud
588 4094 659 4144 Mar·
700 4098 905 4166 tis,iupraetrrrs
924 4096 1135 4160 modestia,'ae.
1167 4097 1230 4146 For·

131 4167 202 4217 sistis
215 4181 246 4218 rr.
256 4173 281 4217 5.
293 4168 327 4219 de
342 4170 469 4235 'l'rujsuor
485 4171 534 4222 ‘si
549 4171 660 4222 redeant
699 4181 768 4224 tussa
779 4177 858 4226 etium
869 4172 1029 4240 ‘petitores’
1039 4181 1171 4225 sumuntur
1181 4182 1230 4240 pro

131 4251 235 4298 veteres
246 4246 362 4314 iugentia
376 4250 479 4303 numius
489 4249 658 4318 patreciiiy·
699 4251 852 4304 candidatis.
