2730 4726
387 356 654 407 consrnurruo
679 358 768 406 nuos
804 356 867 405 vu.
891 343 923 405 4.
1138 340 1224 408 1347

128 504 309 589 stipendiis
327 505 363 569 in
384 503 533 567 ordinem
549 501 686 579 meritis,
702 509 736 565 et
751 501 879 567 militiae
895 502 1054 582 gradibus
1070 507 1226 584 emensis,

128 609 174 675 ed
188 608 362 690 fastigium
376 605 464 670 istud
479 604 672 688 majestatis
684 604 850 683 escendit,
862 612 896 669 et
907 605 989 671 solis
1001 606 1135 671 virtutis
1144 608 1227 673 nixa

128 712 304 777 radicibus
324 709 368 774 ad
383 716 488 773 tantae
510 707 671 792 potentiae
692 708 792 771 robur
813 707 967 786 invaluit,
984 709 1075 791 quod
1091 709 1227 792 quidem

131 815 236 879 etiem
261 822 310 888 tu,
332 818 493 896 qnantum
516 830 575 894 per
597 816 728 875 aetatem
747 810 855 889 licuit,
871 817 1074 876 consecutus
1097 832 1156 894 es3
1182 820 1228 892 et,

130 917 291 1002 quamvis
305 922 339 980 tc
353 935 456 999 super
470 934 584 978 omnes
601 913 815 998 acquirendae
831 914 944 996 gloriae
966 934 1077 980 moras
1095 915 1230 981 fortuna

132 1019 318 1104 posuisset,
333 1035 481 1082 crescere
496 1016 670 1082 militando
686 1017 833 1096 voluisti,
849 1023 883 1081 et
898 1015 1061 1082 adeundis
1076 1018 1155 1082 belli
1171 1039 1230 1102 pe·

132 1121 263 1195 riculis
286 1140 328 1185 ac
341 1138 442 1183 manu
456 1138 532 1183 cum
548 1118 703 1183 hostibus
725 1121 825 1183 etiam
847 1120 1007 1202 singulari
1028 1124 1231 1186 certaminer
1262 1193 1265 1197 ¹

135 1223 354 1300 conserenda,
376 1222 537 1286 notiorem
557 1227 589 1285 te
609 1223 764 1303 gentibus
779 1220 964 1300 reddidisti,
980 1243 1055 1287 cum
1071 1244 1138 1287 non
1154 1246 1230 1307 pos·

135 1347 191 1394 ses
203 1346 282 1392 esse
290 1324 454 1408 nobilior;
475 1325 509 1389 4.
525 1344 691 1406 magnum,
705 1326 853 1409 inquam,
865 1333 927 1404 est,
943 1327 986 1390 ab
999 1347 1035 1391 se
1045 1327 1233 1410 profectum

136 1430 182 1496 ad
197 1430 348 1494 maxima
367 1429 560 1514 pervenire;
583 1429 679 1509 longe
698 1434 806 1492 tamen
831 1427 923 1493 alind
945 1436 1008 1508 est,
1030 1432 1092 1494 niti
1107 1451 1166 1514 per
1181 1451 1234 1495 ar-

137 1534 217 1611 dua,
229 1539 263 1597 et
273 1533 357 1617 juga
371 1531 534 1595 montium
549 1535 659 1613 petere
673 1550 692 1594 e
708 1532 810 1614 plano
821 1538 845 1610 ;(1
862 1531 965 1607 aliud,
982 1533 1058 1616 ipsa
1073 1541 1166 1599 ortus
1182 1537 1237 1599 sui

138 1636 345 1701 sublimitate
359 1634 489 1712 fultum,
501 1633 654 1699 verticem
670 1641 784 1698 tenere
799 1634 949 1713 fortunae,
959 1642 1004 1714 et,
1014 1656 1091 1719 quae
1104 1657 1236 1702 summa

140 1745 231 1815 sunt,
244 1757 313 1802 non
329 1756 472 1823 sperare,
490 1738 547 1801 sed
563 1737 694 1802 habere.

147 1877 154 1884 ·
184 1840 275 1906 Cer.
293 1858 344 1904 ιν.
380 1828 414 1907 I.
437 1841 575 1906 Sacrum
592 1840 679 1904 istud
696 1841 854 1925 palatium
870 1861 937 1905 non
958 1841 1156 1906 candidatus
1178 1843 1236 1907 im-

139 1945 241 2029 perii,
263 1945 323 2008 sed
348 1944 543 2028 designatus
558 1945 715 2022 intrasti,r
736 1945 979 2028 confestimque
997 1951 1029 2009 te
1045 1945 1094 2009 illi
1110 1949 1238 2029 paterni

139 2048 232 2112 lares
253 2066 483 2112 successorem
500 2047 611 2111 videre
626 2046 820 2128 legitimum·
872 2047 904 2111 2.
928 2046 1051 2131 Neque
1066 2049 1152 2111 enirn
1167 2055 1239 2112 erat

141 2151 292 2228 dubium,
307 2152 387 2234 quin
408 2149 441 2214 ei
463 2154 667 2233 competeret
680 2148 876 2226 haereditas
893 2170 994 2234 quern
1011 2151 1155 2233 primum
1172 2150 1242 2214 Im··
1294 2212 1297 2216 ,

141 2254 287 2338 peratori
302 2252 430 2324 filium*
450 2252 523 2317 fate
548 2252 753 2316 tribuissent.
796 2251 847 2316 Te
874 2253 963 2316 enim
982 2260 1108 2317 tantum
1128 2254 1184 2318 ille
1207 2264 1242 2318 et

610 2400 792 2420 ”mum

142 2488 257 2538 Putern.
269 2486 370 2535 Bertiu.
381 2485 490 2546 Crrrpin.
499 2485 612 2547 Gnelph.
622 2486 685 2535 Erre.
696 2485 769 2535 Voss.
779 2486 855 2535 Grnt.
865 2492 892 2534 et
903 2493 1012 2545 recente.
1028 2486 1153 2549 stipendiis
1163 2488 1245 2535 ordine

141 2551 251 2603 meritis
269 2552 338 2612 conj.
356 2549 458 2599 Acidal.
474 2550 604 2599 virtutibus
623 2552 682 2599 nixu
700 2551 764 2599 Exc.
777 2551 851 2600 Voss.
863 2559 890 2601 et
902 2551 1013 2614 Guelpb.
1028 2554 1244 2614 extemporanea

143 2617 207 2668 edd.
227 2623 289 2665 ente
308 2615 398 2665 Arntr.
413 2620 488 2664 tnntoe
504 2616 616 2679 potentie
634 2617 723 2665 Moerl.
733 2616 844 2678 Gnelph.
858 2618 923 2664 Exc.
934 2618 1009 2665 Voss.
1021 2625 1048 2664 et
1060 2616 1119 2665 Ver.
1132 2617 1244 2666 Pureun.

141 2683 200 2733 Pro
210 2681 322 2737 incoluit,
335 2681 426 2730 Arntz.
442 2682 511 2743 conj.
527 2682 622 2729 coaluit.
656 2681 729 2729 ‘Pro
739 2681 897 2745 rumo‚qnod
913 2683 938 2730 in
954 2682 1009 2730 eolo
1026 2682 1132 2743 cuspin.
1145 2683 1245 2733 invenit

142 2749 232 2798 Lirin.
244 2747 408 2809 amplexique
420 2753 481 2794 cunt
493 2747 577 2794 Parin.
595 2747 710 2794 Patarol.
730 2755 757 2794 et
775 2747 869 2797 cellar.
886 2748 977 2810 ceteri,
996 2761 1060 2810 quoe
1080 2746 1141 2800 vidi,
1157 2762 1246 2795 ornnes

143 2827 233 2877 sepem
249 2811 318 2874 quod
337 2827 386 2861 nee
405 2813 488 2874 ipsum
508 2810 699 2860 damnandum!
714 2812 808 2872 «teger.
843 2811 939 2875 ‘Super
953 2811 1063 2871 reddidi,
1075 2813 1145 2873 quod
1159 2822 1199 2861 eet
1218 2814 1246 2860 in

145 2877 209 2928 cod.
225 2877 339 2940 Gnelptr.
354 2884 381 2926 et
396 2878 460 2925 Exe.
472 2875 558 2925 Vosa'
574 2876 662 2926 Arntz.
680 2876 797 2935 'fortune
811 2877 937 2939 potuisses,
953 2891 1053 2926 erescere
1068 2877 1182 2940 Guelpb.
1191 2876 1247 2937 ser·-

144 2951 214 2992 m
221 2943 339 3006 potuitne
347 2943 443 2991 credere
452 2943 516 2990 Exc.
528 2943 651 2990 Voss-t
663 2941 717 2989 Pro
727 2942 823 3004 inquom
833 2948 876 2998 est.
890 2943 990 2990 Bertin.
1002 2943 1080 2991 babet
1092 2943 1248 3006 quidemst:

146 3010 214 3058 Exc.
225 3008 302 3056 Voss.
312 3015 340 3057 et
351 3007 465 3069 Grrelph.
481 3013 526 3065 ert,
537 3008 640 3069 inquom.
656 3031 658 3034 ·
674 3007 797 3055 Berthins
808 3007 877 3070 conj.
887 3023 1008 3070 monum,
1018 3007 1122 3071 inquom,
1132 3009 1165 3057 eit
1175 3007 1206 3058 eb
1215 3022 1250 3070 re,

145 3077 189 3136 tre.
224 3073 278 3122 Pro
291 3071 430 3134 profectum,
442 3071 582 3121 albebant
593 3075 734 3134 prouectum.
761 3072 829 3121 Vide
845 3074 1002 3122 Nott.Verr.
1016 3079 1098 3136 putere
1106 3075 1177 3136 pleno
1188 3073 1248 3122 edd.

147 3145 215 3189 vert.
230 3143 309 3200 petere
324 3153 337 3188 e
349 3140 421 3201 plone
433 3152 465 3186 ex
477 3138 544 3200 conj.
561 3137 645 3186 Lirin.
656 3148 811 3199 receperunt
822 3139 906 3188 Brun.
920 3140 1034 3188 Paterol.
1046 3140 1141 3189 Celler.
1152 3141 1250 3200 leger.

145 3211 229 3268 petere
244 3202 357 3266 Guelph.
374 3204 438 3251 Exc.
456 3202 598 3251 Selronbov.
610 3203 698 3251 Moerl.
709 3209 737 3251 et
748 3202 790 3253 ed.
803 3204 920 3253 Rhenan.
939 3205 964 3253 iu
983 3219 1062 3267 marg.
1096 3205 1248 3260 Proteum,

148 3270 219 3334 qnod
233 3267 327 3317 liabent
340 3268 452 3331 Guelpb·
462 3268 527 3316 Exn.
537 3268 612 3316 Voss.
627 3269 692 3316 Erre.
706 3268 847 3318 Sctrorrbov.
861 3270 946 3318 Lirin.
959 3270 1037 3318 Grut.
1049 3275 1077 3318 et
1088 3278 1198 3320 reeentt.
1216 3276 1249 3318 te-

148 3350 207 3384 rrore
219 3335 314 3395 legitur
326 3333 351 3382 in
364 3333 424 3383 edd.
436 3341 498 3381 unte
510 3333 593 3381 Lirin.
609 3347 707 3383 eernere
716 3334 778 3384 Vet.
792 3335 903 3383 Putean.
937 3336 990 3384 Pro
1001 3349 1104 3398 sperare,
1116 3335 1250 3385 Acidalinr

150 3401 221 3460 conj.
233 3413 350 3461 superare.

185 3466 254 3515 Cer.
267 3477 305 3514 rr.
336 3469 352 3513 2
370 3461 438 3512 Edd.
449 3469 513 3512 vett.
524 3467 626 3525 tuntum,
637 3465 677 3513 itte
688 3470 712 3513 et
719 3479 729 3521 ,·
748 3463 838 3514 Arntz.
850 3465 919 3528 conj.
927 3470 1020 3515 tuntum
1030 3466 1078 3522 ille,
1089 3471 1121 3515 et.
1148 3466 1250 3515 Berlin·

613 3560 618 3569 ’
647 3569 757 3620 ΝΟΤΙΕ

151 3658 316 3710 Diocletiani
326 3658 496 3722 gratiamqui
506 3665 560 3707 tum
570 3658 686 3720 privatus
721 3660 846 3722 Magnum
868 3667 910 3710 est
932 3662 1059 3710 bominem
1083 3660 1181 3723 origine
1207 3648 1262 3707 sna

152 3737 258 3786 berone
281 3736 394 3785 vivebat.
431 3735 474 3784 Ite
496 3736 563 3785 enim
587 3737 631 3785 ille
653 3736 685 3784 ad
723 3738 1253 3801 clarrrmudsupremasdignitaterascen·

154 3815 292 3878 imperinm
305 3822 435 3876 promotor
446 3812 541 3862 fuerat.
722 3815 802 3863 dere:
820 3816 901 3879 mejrrs
912 3825 952 3865 est
964 3817 1088 3865 bominem
1101 3829 1116 3862 e
1128 3812 1205 3876 plebe
1221 3813 1254 3860 ad

188 3891 491 3958 ”Singulnrieertumind
511 3891 688 3942 CumSerma·
723 3905 836 3939 summos
864 3893 972 3940 bonores
999 3905 1055 3939 sese
1077 3891 1188 3952 erigere.
1221 3888 1254 3936 Iu

156 3977 241 4020 tarum
253 3968 329 4030 duce,
342 3981 417 4032 quem
429 3968 523 4016 victum
537 3966 568 4016 ad
580 3967 688 4038 Galerii.
724 3966 842 4016 Prrteeua
854 3967 969 4017 editione
981 3975 1021 4016 est
1029 3971 1111 4027 potere
1126 3967 1206 4029 plone.

156 4046 205 4097 rub
229 4061 281 4110 quo
303 4044 440 4102 militabat,
461 4044 541 4108 pedes
570 4044 689 4093 adduxit.
757 4049 767 4076 r
789 4045 939 4107 Designatus
966 4041 1076 4105 intrasti]
1100 4042 1159 4093 dum
1187 4043 1256 4092 Con·

159 4124 202 4174 lte
213 4124 339 4173 Zonaras.
725 4122 834 4172 stantius
852 4131 878 4172 te
897 4122 945 4170 ribi
962 4117 1092 4168 haeredem
1104 4117 1258 4179 destinarat,

167 4226 172 4237 ·
191 4207 204 4244 r
221 4201 309 4250 Petere
324 4214 337 4249 e
351 4199 434 4263 menn]
447 4198 558 4248 Lirirreii
570 4197 691 4248 emenda·
707 4246 708 4250 ,
726 4212 784 4248 cum
801 4204 846 4248 aut
862 4204 889 4246 te
905 4211 938 4245 ex
953 4194 1030 4244 ltalia
1042 4193 1115 4246 erl-se
1126 4195 1256 4258 evocarit,

159 4277 257 4328 tionem
270 4283 372 4326 secutur
388 4290 452 4325 rum.
485 4275 622 4327 Sententia
635 4281 690 4327 ert:
726 4282 770 4325 aut
782 4273 815 4326 ad
827 4289 884 4325 eunr
896 4273 952 4338 ipre
963 4272 1107 4322 recurrirri.
