2730 4726
422 334 685 401 comranrrau
711 335 801 389 sue.
838 335 894 385 rx.
915 321 948 386 7.
975 387 984 399 ,
1148 321 1233 390 trra

127 488 241 572 guinis
256 484 396 553 tundere
409 481 569 566 codgisti,
592 482 661 561 cui,
677 482 758 566 quic
772 482 918 549 salutem
933 487 1078 550 ¹vestram
1095 504 1118 550 a
1133 487 1233 552 robis

125 591 311 673 impetrare
338 607 407 653 nou
435 585 545 664 licuit,
567 603 668 668 paene
694 584 871 669 displicuit
898 585 978 670 ipsa
1001 588 1156 653 victoria.
1199 587 1234 656 3.

127 690 181 762 Ac
195 711 261 758 non
275 691 529 767 Taurinatibus,
546 708 655 772 neque
669 688 790 755 ceteris
806 688 917 755 Italiae
932 683 1128 756 civitatibus
1141 690 1235 757 idem

128 797 264 860 animus
286 793 361 868 fuit,
376 791 435 876 qui
456 798 500 870 te,
516 791 715 874 Imperator,
730 792 920 858 exultantes
939 792 1063 878 gaudio
1083 794 1236 860 certatim

129 897 175 962 ad
190 916 229 960 se
243 899 462 961 vocaverunt.
496 895 530 958 d.
553 893 673 961 Missae
688 897 732 959 ab
743 881 1111 978 omnibus‘legaticnes,
1126 897 1236 962 oblati

129 998 280 1082 undique
294 1003 518 1065 commeatus:
541 1004 578 1064 ut
597 1003 785 1082 appareret,
801 999 963 1082 quamdiu
978 997 1236 1078 desiderassent,

129 1102 239 1168 cuiae
253 1108 324 1166 tam
339 1108 476 1185 promte,
489 1101 581 1166 bello
604 1101 718 1168 adhuc
736 1106 892 1177 restante,
906 1100 1160 1167 committerent.
1203 1101 1236 1165 br

130 1201 206 1282 Qui
226 1203 291 1269 suit
305 1202 379 1268 dies
400 1203 487 1281 ille,⁸
508 1224 577 1288 quo
598 1203 831 1270 Mediolanum
853 1203 1044 1286 ingressus!
1067 1223 1144 1287 quoe
1163 1222 1237 1287 gra·

130 1308 254 1374 inlatio
270 1306 460 1391 principum
475 1307 642 1372 civitatis!
657 1306 716 1390 qui
731 1306 875 1390 plausus
891 1307 1027 1392 pupuli!
1046 1326 1124 1390 qnae
1139 1305 1237 1372 secu·
1266 1286 1277 1302 ’

130 1411 217 1475 ritas
237 1409 456 1475 intuentium!
476 1414 510 1474 te
531 1415 686 1487 matrum,
701 1415 734 1474 te
747 1407 911 1491 virginum
936 1427 1082 1492 quaeque
1106 1408 1237 1492 duplici

129 1512 242 1578 irnctu
270 1513 476 1591 fruebantur,
499 1530 577 1578 cum
606 1512 822 1596 pulcherrimi
850 1511 1069 1594 Imperatoris
1096 1510 1237 1576 sormam

131 1615 343 1692 viderentot
357 1615 530 1681 licentiam
550 1634 617 1680 non
641 1619 810 1681 timerent
851 1615 886 1679 6.
909 1613 1087 1680 Ostentare
1109 1634 1146 1680 sc
1167 1634 1237 1679 om*

131 1737 210 1797 nes,
228 1726 261 1784 et
275 1718 471 1804 tripudiare,
489 1719 562 1785 sine
583 1719 652 1783 ullo
666 1718 709 1784 de
730 1717 883 1802 reliquiis
902 1717 982 1782 belli
1003 1723 1106 1797 metu,
1122 1725 1158 1787 et
1177 1736 1237 1782 au·

131 1820 278 1904 spiciam
294 1818 465 1887 victoriaeb
480 1827 548 1886 tuae
561 1841 623 1904 pro
638 1821 928 1885 consummatione
942 1819 1176 1885 metiebantur.
1203 1820 1238 1884 7.

131 1921 216 1987 Non
229 1908 475 2006 Transpadana
489 1922 664 2006 provincia
678 1920 855 1986 videbatur
872 1924 1020 2004 recepte,
1036 1920 1097 1985 sed
1113 1919 1237 1987 Roma.

131 2022 223 2103 Quis
237 2025 325 2089 enim
340 2025 504 2102 crederet,
519 2024 619 2089 tantis
635 2023 856 2089 successibus
869 2023 937 2088 tuis
959 2022 1066 2086 ullum
1079 2023 1237 2088 obstacu-

130 2125 204 2191 lu'rn
230 2126 314 2212 iore,
330 2145 399 2211 quo
424 2126 536 2192 miuus
558 2145 674 2191 omnes
701 2124 930 2191 exercitasse
956 2125 1141 2190 clementiae
1168 2132 1236 2193 tuae

131 2228 314 2306 traderent,
329 2248 407 2294 cum
420 2228 553 2294 vinetis
575 2228 843 2312 experimentum
861 2221 1060 2292 novissenti
1103 2224 1136 2290 a.
1161 2226 1237 2291 Mu·

132 2350 188 2397 ros
213 2331 247 2395 vi
274 2350 427 2416 ceperas,
453 2332 528 2398 acie
554 2331 668 2416 palam
694 2331 839 2398 viceras.
884 2329 973 2410 Quis
1001 2336 1073 2395 tam
1102 2329 1238 2394 demens

134 2432 321 2511 ridebatur,
337 2439 373 2498 ut
394 2442 454 2500 aut
475 2433 620 2498 obsideri
642 2433 793 2511 auderet,
812 2441 870 2498 aut
889 2432 1073 2516 cougredi‘t
1095 2451 1238 2516 praeser-
1339 2467 1341 2471 ·

132 2533 195 2598 tim
215 2552 293 2598 cum
317 2541 365 2609 tu,
381 2534 454 2599 dies
477 2535 610 2618 aliquot
632 2534 821 2599 Mediolani
835 2535 1006 2613 resistens,
1021 2540 1155 2619 tempus
1172 2534 1237 2598 sibi

132 2635 291 2700 omuibus
307 2636 503 2732 consulendi
516 2636 683 2717 dedisses,
700 2646 737 2704 ut
751 2637 794 2700 de
811 2643 844 2701 te
859 2642 1041 2721 sperarent.

166 2934 235 2984 Cau.
247 2945 298 2983 ιιι.
324 2936 340 2982 2
357 2931 496 2982 Puteolani
511 2933 555 2983 ed.
569 2934 856 2995 tensamentum-4
871 2935 880 2962 ‘
893 2932 1000 2995 Cuspio.
1017 2931 1238 2994 caendisdeside·

131 3002 243 3056 rmum
261 3011 311 3047 nou
331 2997 436 3060 placet*
452 2997 535 3051 Licin.
569 2998 647 3048 Paul.
658 2998 748 3062 Steplr.
760 2999 849 3056 etism,
860 2998 989 3062 quamdin.
1022 2998 1097 3052 Mox,
1112 2996 1171 3047 cod.
1183 2996 1238 3046 Pu·

133 3063 215 3126 teani,
225 3063 265 3112 cui
274 3077 300 3113 re
312 3076 391 3113 omnes
405 3068 529 3130 prompte,-
545 3062 616 3112 uude
627 3063 681 3118 ille,
692 3063 732 3130 cui
740 3079 767 3114 aa
778 3078 857 3114 omnm
867 3069 916 3115 tom
932 3067 1037 3126 prompte
1050 3061 1220 3112 committerent
1226 3077 1236 3120 ,·

133 3127 241 3178 Puteal.
256 3126 329 3175 cuiae
339 3140 418 3176 omnes
433 3132 531 3191 propter
546 3125 621 3186 betlof
638 3128 745 3191 Cuspin.
756 3129 789 3179 Ρ.
802 3129 892 3192 Stepb.
910 3134 936 3177 et
949 3126 1009 3178 edd.
1027 3133 1140 3176 recentt.
1155 3127 1194 3176 rui
1211 3140 1237 3176 u

131 3195 207 3244 ettam
222 3196 329 3256 prompte
345 3192 429 3241 Lirin.
447 3199 455 3220 ¹
468 3192 507 3245 Ex
520 3192 595 3242 codd.
608 3192 706 3242 uultum
718 3200 759 3243 est
770 3194 902 3254 auxilium,
929 3206 1018 3241 norrun
1029 3193 1051 3241 si
1064 3193 1106 3241 rel
1115 3205 1181 3240 unus
1191 3189 1237 3239 ad·

132 3258 249 3317 diecret,
258 3254 370 3306 libenter
378 3255 441 3304 iilud
453 3271 532 3306 munes
543 3258 693 3314 insererem,
706 3266 813 3321 propter
824 3208 1004 3323 praecedentia
1014 3257 1119 3307 omnibu
1128 3263 1158 3307 et
1166 3255 1238 3306 andi·

131 3322 196 3387 qu!
214 3321 349 3371 Arnta-t
368 3321 453 3370 blein.
463 3321 533 3385 conj.
549 3322 670 3384 ingressus
685 3338 719 3372 es.
752 3324 825 3379 Mox,
836 3323 942 3373 Puteol.
960 3327 985 3371 tc
1001 3327 1104 3372 nmirum
1121 3327 1145 3372 at
1160 3320 1238 3383 uirgi-

131 3391 207 3441 aur
222 3401 292 3450 paron
307 3385 411 3449 deplici5
429 3386 549 3436 Fulmen.
566 3392 590 3437 te
605 3393 710 3438 menum
727 3388 849 3451 maginem
863 3401 970 3452 qucum,
980 3388 1023 3449 isc.
1041 3387 1111 3438 uude
1123 3387 1238 3437 Puteau.

132 3456 159 3503 te
176 3458 282 3502 notrum
299 3451 475 3515 virginemque,
492 3467 554 3516 qao,
573 3454 614 3514 isc.
654 3453 756 3505 Bertin.
775 3455 864 3517 etiam,
882 3453 1065 3516 cataplasmam
1087 3452 1193 3513 Cuspio.
1208 3459 1238 3504 et

131 3515 223 3566 Moerl.
240 3517 360 3578 uirginum
370 3531 475 3580 quoque.
508 3515 577 3567 Vide
590 3517 667 3567 Nott.
677 3518 803 3568 Vara-6
820 3517 904 3568 Lirin.
925 3518 1008 3568 Baun.
1026 3517 1059 3567 P.
1075 3516 1166 3581 steph.
1181 3516 1238 3565 reli·

132 3583 189 3644 quia
199 3579 270 3639 bellis
286 3580 387 3631 Rei-tiu.
399 3581 484 3630 Moerl.
495 3589 523 3631 et
533 3581 594 3632 edd.
608 3580 719 3633 receuti.
734 3582 842 3647 reliquiis
853 3581 918 3634 belli.
950 3580 992 3633 Cf.
1004 3596 1033 3632 nr
1055 3618 1061 3632 .
1079 3581 1113 3631 ad
1127 3582 1236 3633 Erimon.

132 3643 531 3696 eonst.v1.flu.erx1n.1.-r
548 3646 633 3696 Livln.
649 3649 794 3697 moecatus
810 3649 883 3696 allum
891 3663 901 3704 ,·
918 3647 1019 3697 Berlin.
1032 3597 1140 3710 guspin.
1153 3645 1235 3695 ceteri

131 3724 257 3761 omasus.
268 3710 458 3760 &anirum-8
476 3711 583 3775 Cuspin.
598 3727 641 3775 ap.
658 3713 741 3761 Livin-
756 3713 926 3763 omniburaibi.
960 3713 1047 3763 Moerl·
1063 3717 1091 3762 nt
1101 3713 1131 3762 de
1146 3717 1169 3760 ts
1185 3723 1236 3772 rpr-

131 3791 191 3826 rm
200 3777 299 3834 ὅσσας
315 3774 442 3827 Arntnen.
453 3785 538 3840 pater,
547 3781 574 3826 st
585 3775 642 3828 tene
652 3782 783 3842 sperarent.

629 3947 740 4000 NOTAE

165 4070 177 4098 ¹
196 4063 246 4119 Qut
260 4061 320 4123 ⁴suit
340 4063 393 4114 dies
414 4062 467 4128 tus}
490 4063 664 4128 Triumphalis
736 4065 748 4100 b
765 4063 905 4129 Aemicium
915 4060 1036 4128 victorio]
1049 4060 1090 4112 Ex
1100 4054 1170 4111 letter
1181 4057 1235 4111 ric-

131 4139 298 4190 conrtrutiui
324 4138 350 4189 in
372 4139 464 4193 urbem
487 4139 664 4194 Mediolanum
703 4137 921 4197 turieinttio,da
936 4135 1054 4203 eiusdem
1068 4133 1234 4194 coniectione

131 4219 276 4281 inpressos.
704 4216 893 4271 existimantes.
