2730 4726
446 339 505 386 su.
528 335 686 385 cenunrr
710 332 880 384 ruurnnr.
931 363 932 366 ,
1139 316 1227 382 1491

127 489 324 564 donaverat,
339 485 374 548 in
389 482 554 551 seditione
570 479 702 546 militari
719 479 960 561 opprimuntur,
974 476 1028 541 vel
1041 475 1229 558 instigante,

127 593 185 658 vel
200 587 433 655 dissimulante
457 591 546 650 certe
562 583 761 650 Constantio
775 578 949 662 August03
973 579 1045 643 sire
1068 587 1106 644 ut
1127 583 1231 647 tutius

127 696 331 776 imperaret3
362 689 435 754 sive
463 694 500 753 ut
522 684 744 751 Constantino
767 683 856 766 patri
880 686 1078 765 porrectum,
1102 684 1152 746 uti
1175 704 1232 747 su·

128 799 332 881 spicabatur,
360 794 403 859 ab
422 793 464 856 iis
488 808 651 858 venenum
669 786 867 851 vindicaret.
912 784 984 850 Vix
1007 782 1174 865 Julianus,
1198 796 1233 852 ct

129 899 253 967 Gallus
274 896 348 979 ejus
369 897 489 961 unicus
509 893 626 969 frater,
652 896 722 956 tum
752 889 946 963 duodennis,
971 908 1085 970 parem
1110 900 1231 954 sortem

130 1003 297 1083 effugere:
333 999 387 1062 hic
420 996 555 1081 quidem
584 995 678 1078 qued
710 1000 847 1078 propter
876 992 1038 1064 incertam
1064 1012 1104 1056 ac
1137 1013 1233 1076 paene

130 1103 288 1168 affectam
318 1100 540 1164 valetudinem
565 1098 653 1163 haud
680 1097 736 1160 diu
762 1095 912 1159 victurus
937 1095 1146 1176 crederetur3
1176 1096 1234 1160 ille

131 1225 211 1271 vero
225 1205 318 1290 quod
333 1202 442 1267 adhuc
457 1223 556 1286 puer:
580 1221 654 1264 nam
671 1208 708 1263 ut
723 1219 767 1262 ex
789 1207 934 1280 tempore
949 1198 1023 1280 ejus
1048 1199 1160 1262 obitus
1176 1220 1234 1283 ap-

132 1315 241 1392 paret,
262 1307 525 1392 quinquennium
548 1305 639 1370 haud
662 1303 801 1368 multum
827 1307 1035 1365 excesserat.

192 1489 237 1554 A.
254 1489 299 1554 U.
315 1489 355 1554 C.
372 1505 496 1552 nxcrr.
542 1485 666 1550 Christi
688 1500 910 1549 cccxxxix.
956 1486 1179 1570 Constantini,

298 1591 501 1669 Constantii,
517 1599 550 1657 et
566 1589 763 1655 Constantis
777 1587 885 1672 Augg.
902 1588 989 1673 Imp.
1002 1607 1065 1657 ¹111.

179 1730 296 1795 Altero
313 1739 394 1814 post
409 1748 498 1793 anno
515 1747 590 1792 cum
605 1726 755 1789 nonnulli
769 1726 812 1787 ad
829 1727 1032 1792 excitandas
1056 1729 1238 1793 seditiones

134 1834 266 1898 ‚Iuliani
287 1842 321 1897 ct
336 1831 583 1898 Gallinomine
604 1829 827 1925 couterentur,
850 1836 990 1912 uterque
1014 1832 1181 1895 abductus
1204 1835 1238 1896 in

137 1937 407 2019 Cappadociam,
422 1935 457 1997 in
481 1931 629 1996 Macello
653 1932 763 2009 (locus
783 1939 855 1995 erat
872 1932 915 1994 ad
933 1933 1077 2014 Argeum
1092 1942 1239 1999 montem

138 2061 207 2102 non
232 2040 330 2121 longe
355 2058 376 2102 a
399 2037 559 2103 Caesarea
582 2035 680 2118 plane
704 2035 828 2115 regius)
853 2035 896 2098 ad
920 2036 1078 2101 liberales
1100 2046 1192 2102 artes
1207 2045 1240 2102 et

139 2163 312 2206 sacrarum
329 2142 496 2206 literarum
512 2139 733 2222 cognitionem
749 2138 945 2203 instituitur:
970 2159 1039 2222 quo
1055 2142 1088 2204 in
1104 2160 1240 2205 secessu

139 2252 234 2310 totos
251 2265 315 2308 sex
332 2264 437 2311 annos
452 2243 641 2308 arctissime
658 2242 830 2320 custoditi,
847 2244 1015 2325 quemodo
1036 2246 1134 2308 refert
1153 2245 1240 2309 Juli-

139 2369 194 2412 an.
223 2347 287 2429 Ep.
303 2347 346 2411 ad
364 2348 400 2410 S.
416 2347 457 2411 P.
474 2345 519 2423 Q.
536 2343 659 2409 Athen.
686 2348 806 2428 (neque
829 2347 917 2409 enim
939 2345 982 2410 ad
1003 2367 1062 2412 eos
1083 2349 1242 2432 cuiquam

140 2457 215 2514 erat
229 2451 354 2528 aditus)
369 2456 498 2514 tantum
520 2447 704 2532 profecere,
720 2456 756 2513 ut
770 2448 852 2512 facti
871 2449 981 2514 clerici
1006 2451 1113 2515 libros
1134 2451 1241 2514 ecole-

141 2554 301 2617 siasticcs
329 2553 458 2636 populo
488 2551 713 2635 preelegerent.
759 2551 829 2615 Hic
859 2571 940 2617 vero
970 2572 1046 2616 cum
1076 2555 1175 2617 ambo
1205 2554 1241 2617 S.
1327 2630 1330 2634 Α

142 2654 304 2718 Mammea
320 2655 455 2738 martyri
468 2655 645 2718 basilicam
667 2655 737 2716 suis
760 2655 926 2721 sumtibus
948 2657 1145 2734 excitarent,
1161 2656 1243 2721 Gal·

141 2757 198 2821 lus
212 2757 347 2840 quidem
363 2765 401 2822 ut
423 2777 518 2821 suam
542 2758 699 2840 pietatem
722 2763 912 2832 ostentaret,
933 2758 1092 2823 Julianus
1108 2779 1185 2824 vero
1207 2769 1244 2826 ut

142 2859 366 2941 impietatem,
392 2861 512 2938 idest,
537 2869 574 2924 ut
598 2860 761 2942 ejuratam
786 2861 858 2944 jam
887 2863 997 2924 animo
1021 2861 1244 2927 Christianam

143 2962 337 3041 religionem
355 2963 582 3027 dissimularet
598 2963 691 3045 apud
707 2963 940 3028 Constantium
955 2986 963 3045 3
987 2968 1114 3029 factum
1135 2974 1187 3029 est
1207 2974 1246 3030 ut

145 3061 238 3126 Galli
254 3084 354 3148 opere
368 3053 580 3147 procedente,
596 3066 618 3129 J
623 3066 727 3128 uliaui
741 3085 828 3148 opus
851 3076 945 3131 terrae
968 3075 1060 3132 motu
1075 3069 1244 3152 disjicere-

145 3174 211 3229 tur.
251 3165 352 3243 Quod
369 3168 428 3230 ubi
443 3167 486 3231 ad
503 3168 738 3232 Constantium
753 3168 893 3233 allatum
910 3180 971 3249 est,
988 3173 1157 3235 sinistrum
1173 3173 1245 3236 illo-

144 3287 221 3336 rum
244 3269 381 3352 pietatis
403 3288 501 3339 omen
526 3275 630 3346 natue,
655 3270 865 3337 vehementer
888 3274 1017 3355 utrique
1044 3278 1247 3339 succensuit.

147 3367 229 3440 vid.
253 3368 393 3454 Gregor.
415 3371 576 3441 Nazianz.
599 3373 634 3442 in
651 3370 744 3436 Orat.
764 3372 941 3450 Sozomen.
963 3376 1086 3441 Zonar.
1109 3377 1247 3444 Cedren.
1271 3408 1274 3414 ·
1312 3384 1315 3389 '

145 3477 206 3543 tw.

203 3623 247 3689 A.
270 3624 313 3689 U.
327 3623 368 3689 C.
386 3635 553 3690 mxcvrrr.
598 3625 732 3727 Christi·
748 3646 910 3693 cccxcv,
956 3630 1144 3695 Constantii
1162 3640 1195 3695 et

454 3729 647 3795 Constantis
662 3730 772 3815 Augg.
792 3732 881 3815 Imp.
899 3750 953 3796 111.

147 3926 148 3930 ,
195 3865 384 3956 Postquam
400 3866 601 3940 Constantii,
615 3871 673 3956 qui
687 3870 722 3933 in
737 3869 954 3952 expeditione
976 3855 1248 3956 Panticapaeum

150 3970 293 4037 feliciter
314 3976 385 4037 erat
409 3975 610 4055 occupatus,
631 3972 680 4058 ira
703 3974 866 4055 tantisper
882 3973 1112 4051 deferbuisset,
1129 3974 1249 4039 Gallus

150 4073 323 4156 Ephesum
337 4075 489 4151 mittitur,
506 4062 574 4164 qua
589 4078 622 4140 iu
636 4078 718 4144 urbe
741 4096 929 4161 permagna
952 4096 1006 4143 res
1028 4079 1095 4161 ipsi
1116 4087 1208 4144 erant
1230 4100 1250 4145 a
1293 4113 1295 4121 .

149 4175 338 4258 majoribus
353 4176 493 4248 relictae.
535 4179 693 4247 Julianus
707 4179 751 4247 ad
768 4181 921 4265 publicas
935 4180 1069 4249 scholas
1085 4180 1250 4249 Constans
