2730 4726
351 333 622 387 causaturum
646 332 734 382 aun.
770 316 878 381 ωδ.
1075 315 1162 382 1469

10 460 17 474 .
64 485 101 549 in
121 483 174 548 his
188 481 290 547 armis
303 487 427 548 tantum
441 482 551 547 inesse
565 477 768 557 violentiam,
783 484 819 542 ut
833 483 865 541 et
879 475 1066 542 vincendus
1080 477 1162 542 fide·

63 595 129 663 ret,
145 595 180 649 et
193 591 405 669 superaturus
421 586 559 647 timeret.

111 687 201 753 Cau.
222 703 319 752 xxv.
354 687 386 752 1.
410 685 502 764 Quid
527 705 590 768 ego
616 683 757 748 reseram
782 689 858 766 post
878 689 1006 747 tantam
1035 689 1068 749 et
1094 690 1162 751 tam

64 811 203 876 gravem
224 810 381 874 pugnam,
396 789 486 873 quod
506 789 595 874 apud
616 789 790 853 Brixiam·
810 805 951 868 magnus
971 785 1107 870 quidem
1127 794 1162 853 et

67 913 146 959 acer
172 895 352 979 equitatus,
377 893 467 974 suga,
490 912 590 976 quam
614 893 650 956 vi
676 911 740 956 sua
767 887 891 968 tutior,¹’
916 897 949 955 et
971 890 1082 973 primo
1102 890 1162 954 im·

64 1003 149 1084 petu
175 1005 235 1062 tuo
260 997 391 1080 pulsus,
413 996 583 1061 Veronam
609 1015 714 1080 usque
739 992 912 1059 contendit
935 992 979 1058 ad
1005 993 1163 1076 praesidia

64 1101 221 1184 majora?
264 1101 297 1164 2.
321 1099 445 1182 Neque
467 1099 501 1163 id
521 1099 678 1162 dedecori
697 1098 769 1176 fuit,
792 1095 885 1180 quod
905 1096 1059 1161 excusati
1078 1097 1165 1178 sugi-

66 1212 142 1281 unt,
169 1203 229 1287 qni
251 1202 314 1267 tibi
340 1201 486 1267 cedunt·
544 1201 722 1284 Contingat
750 1200 830 1284 quin
858 1201 961 1264 immo
990 1199 1165 1266 timiditati

67 1305 201 1372 miserae
230 1323 283 1369 res
312 1302 520 1382 ostentanda,
548 1305 638 1386 suga,
669 1323 746 1388 quae
775 1302 926 1368 habuerit
953 1302 1165 1385 dignitatem!

66 1409 100 1475 3.
126 1409 208 1493 ipsa
226 1415 336 1472 autem
357 1407 517 1485 Verona,⁰
538 1408 656 1472 referta
675 1408 876 1472 immanibus
892 1406 1014 1491 copiis,
1029 1424 1114 1490 quas
1128 1405 1164 1470 in

67 1533 170 1578 unuin
197 1510 361 1576 adventus
390 1512 440 1575 tui
466 1510 610 1575 formido
636 1511 857 1588 conduxerat,
883 1529 961 1574 cum
985 1511 1164 1574 multorum

62 1613 137 1699 jam
162 1613 277 1678 clades
302 1613 500 1697 accepisset,
521 1614 612 1677 sacta
632 1620 684 1677 est
706 1631 885 1697 parumper
905 1619 996 1676 metu
1021 1612 1164 1690 cautior,
1189 1678 1193 1693 .

68 1736 137 1782 non
165 1716 294 1782 ratione
322 1716 461 1781 felicior.
506 1714 616 1780 Muris
642 1735 680 1779 se
708 1717 752 1780 ab
777 1715 904 1799 impetu
929 1712 1088 1778 vindicat.
1131 1719 1164 1779 4.

102 1926 116 1953 ⁰
133 1918 198 1976 Quia
206 1919 380 1968 executionem
392 1916 555 1981 ioteutsugoe
563 1931 622 1976 euru,
638 1919 679 1981 qai
684 1916 788 1978 fugiunt
798 1922 826 1966 ut
836 1915 882 1966 titi
891 1917 984 1966 omont.

104 1983 116 2017 ὅ
132 1985 208 2033 Immo
221 1985 299 2047 potiar
309 1983 415 2033 duamur
425 1984 531 2034 accimre
541 1983 624 2034 timori
635 1997 686 2033 rem
695 1981 867 2048 predicatione
878 1984 985 2046 diguam,
995 1996 1074 2046 nempe
1079 1981 1167 2047 fugare

71 2064 124 2113 qao
134 2050 168 2100 eit
177 2065 230 2099 cam
240 2049 366 2112 dignitate.

532 2161 713 2182 ”MMNOO

70 2277 109 2326 itio
127 2281 238 2336 tautam
253 2276 315 2326 Vet.
335 2277 447 2331 Puteuu.
468 2280 530 2329 Vet.
549 2280 636 2332 Livio.
653 2280 755 2330 Bertiu.
773 2279 840 2329 Exc.
856 2277 938 2341 Lang.
956 2278 1043 2329 Moeri.
1056 2278 1169 2339 Gneiph.

72 2343 151 2394 Grut.
160 2351 187 2392 et
198 2349 308 2392 receuti.
324 2343 350 2392 io
359 2344 397 2392 tu'r
406 2345 480 2394 armie
490 2351 580 2395 tautam
587 2363 597 2406 ,·
614 2347 720 2409 Caepio.
735 2348 762 2394 iu
770 2345 908 2394 distantum
918 2344 992 2394 iaeeee
1000 2347 1073 2395 armis
1083 2347 1168 2395 uiolen-

71 2408 140 2458 tiam.
171 2408 349 2469 ‘Neglectum
365 2409 429 2458 iilud
445 2415 521 2459 orma
538 2426 619 2475 usque
637 2411 670 2460 ud
685 2412 762 2462 Grut.
773 2419 800 2460 et
812 2425 870 2460 mou
883 2419 942 2474 poet
952 2411 1078 2462 uincendus
1088 2412 1170 2460 ineer-

71 2481 138 2536 tum,
151 2472 219 2538 quud
235 2474 345 2522 retinuit
361 2474 448 2523 Rivin.
482 2475 598 2526 Praeter
616 2479 672 2528 cod.
690 2477 764 2539 requi
782 2474 893 2538 Guelph.
912 2480 1003 2524 tautam
1021 2478 1104 2536 iacere,
1121 2476 1169 2525 ced

71 2546 128 2588 tum
140 2537 303 2588 scribendum
316 2537 384 2589 foret
396 2540 530 2588 uiolentiae!
547 2540 640 2590 Arntz.
673 2542 746 2596 Mox,
757 2541 874 2590 Rhenan.
885 2541 976 2602 Steph.
987 2542 1070 2592 Lirin.
1083 2542 1169 2591 Riviu.

72 2608 97 2652 1.
113 2608 141 2652 at
157 2619 185 2653 ea
200 2604 341 2661 viucendum
358 2605 460 2654 Bertiu.
472 2606 579 2669 Cuspio.
595 2612 622 2655 ut
635 2622 663 2657 ea
679 2613 718 2665 et,
736 2607 821 2655 Moeri.
839 2614 866 2655 et
884 2605 999 2668 Gueiph.
1015 2613 1042 2656 at
1060 2607 1086 2655 iu
1100 2622 1168 2666 eam,·

72 2668 152 2719 Grut.
168 2668 289 2718 utrina
307 2669 392 2719 Paris.
411 2669 529 2719 Paterni.
548 2671 641 2721 Cellar.
658 2671 755 2736 Joeger.
770 2676 797 2719 at
812 2676 836 2719 et
849 2670 990 2729 wiceman
1007 2672 1084 2720 etsie
1102 2673 1169 2736 conj.

71 2733 176 2783 Acidal.
197 2734 332 2796 ‘Propter
351 2733 428 2784 codd.
448 2733 509 2784 mihi
528 2736 666 2800 legendnm
685 2737 790 2786 videtur
806 2741 833 2785 ut
851 2750 888 2792 ea,
907 2738 948 2785 ret
967 2735 994 2785 ia
1009 2735 1056 2786 ea!
1076 2735 1169 2788 Arate.

68 2802 78 2828 ⁸
90 2799 162 2863 Lege
172 2798 246 2848 nimio
252 2797 360 2864 fideret!
377 2798 481 2850 Acidei.
506 2806 532 2849 at
542 2807 695 2865 superaturae
706 2801 818 2864 Guetph.

106 2864 175 2914 Cur.
185 2876 254 2914 xxv.
279 2868 293 2912 1
312 2862 376 2919 Quid
387 2864 645 2931 erudientium
661 2882 713 2916 eam
730 2869 792 2929 opud
811 2865 873 2915 Vct.
893 2865 1006 2914 Pnteen.
1019 2868 1080 2930 qaod
1096 2881 1169 2930 mnae

146 2927 261 2990 Gneiph·
293 2927 348 2977 Pro
364 2930 389 2978 ui
404 2944 447 2978 oua
458 2931 541 2991 tutior,
552 2932 612 2981 edd.
624 2941 689 2982 vett.
701 2933 795 2981 habent
805 2930 858 2979 cira
867 2931 977 2980 astutior.
1014 2932 1081 2981 Vide
1093 2933 1169 2983 Nutt.

98 2997 199 3044 ara-2
211 2992 380 3056 Profugiaot,
391 2992 494 3046 Acidni.
505 2997 687 3060 conisugiout.
720 2997 833 3060 Guetpii.
844 3002 872 3044 et
883 2996 985 3045 Bertin.
1001 2996 1093 3047 mirere
1104 2998 1170 3047 timi·

71 3058 162 3116 arat,-
177 3058 265 3108 Moeri.
281 3058 370 3121 rigide
380 3061 563 3113 timiditati-ti
580 3063 697 3113 Rhenau.
709 3061 799 3126 steph.
813 3062 893 3110 Livia.
903 3061 979 3110 Grut.
991 3062 1076 3114 Paris.
1088 3060 1169 3112 Pute-⁴

72 3126 121 3175 rot.
129 3124 226 3175 Celtur.
234 3124 304 3184 freta
316 3138 362 3187 pru
376 3125 466 3186 referta
472 3142 483 3184 ,·
501 3128 546 3175 ted
558 3129 606 3179 hoc
615 3136 719 3178 servant
731 3130 793 3178 Vet.
808 3126 921 3176 Putean.
933 3125 1003 3177 Gud.
1012 3131 1063 3177 &a
1080 3129 1169 3188 r<feeta

72 3189 162 3240 Muri.
176 3192 203 3238 in
213 3188 320 3239 maritae
330 3188 374 3239 ed.
386 3191 480 3241 Venet.
491 3191 595 3243 Puteui.
605 3195 694 3257 steph.
706 3194 822 3244 Rhenan.
854 3192 922 3241 Vide
934 3193 1011 3242 Nott.
1023 3194 1100 3242 Vera.
1121 3197 1170 3244 eta-⁴

72 3257 128 3305 deur
143 3255 270 3318 eropum
288 3254 407 3305 Rireuan.
423 3257 512 3317 Steph.
531 3257 614 3310 Lirin.
635 3260 723 3308 Rivin.
736 3262 759 3308 1.
771 3264 795 3309 2.
811 3258 845 3305 ei.
867 3266 932 3308 vett.
951 3259 1028 3307 rtodn
1044 3259 1169 3324 accepisset

72 3320 136 3368 Vct.
151 3320 262 3369 Peteon.
274 3319 335 3370 Vet.
351 3319 433 3368 Lirin.
449 3320 551 3370 Bertin.
568 3323 680 3388 Guetph.
692 3324 778 3372 Moeri.
794 3323 860 3372 Exn.
878 3323 1021 3372 Schuntror.
1038 3339 1095 3374 curu
1108 3325 1169 3377 edd.

73 3384 480 3436 uror.1²aru.1²ararot.conr.
492 3383 589 3449 Joeger.
604 3393 655 3438 &c
671 3394 734 3437 meta
745 3387 876 3437 cunctatior
887 3388 971 3437 Rhen.
983 3389 1073 3450 steph.
1086 3391 1168 3442 Lirin.

10 3468 13 3487 ι
73 3450 162 3500 atron.
174 3450 207 3498 ei.
220 3457 283 3499 vett.
292 3455 355 3500 meta
365 3451 458 3499 metior
470 3451 529 3500 Vet.
539 3454 652 3502 Puteun.
661 3454 780 3503 Vaticen.
788 3453 849 3500 Vet.
858 3453 1046 3503 Lirimssertin·
1055 3455 1170 3519 Guelpii.

74 3515 183 3577 Caepio.
195 3515 272 3564 Grut.
282 3521 310 3563 et
321 3523 432 3564 reeentt.
446 3516 538 3565 ratione
547 3519 648 3584 fidelior
664 3520 781 3569 Rhenan.
801 3520 889 3580 steph.
908 3517 993 3568 Livio.
1011 3519 1096 3570 Riviu.
1108 3525 1132 3569 1.
1148 3535 1170 3568 r.

67 3578 166 3640 teliore
174 3581 238 3630 Vet.
249 3579 360 3631 Puteen·
369 3581 489 3631 Vaticau.
500 3582 561 3633 Vet.
571 3586 655 3635 Lirin.
666 3584 768 3636 Bertin.
781 3584 846 3633 Exc.
857 3583 939 3648 Laug.
951 3585 1015 3634 Exc.
1026 3584 1169 3636 Schouhur:

556 3749 664 3802 NOTAE

107 3860 345 3928 ⁸ApudBrieiorn]
361 3863 451 3913 Brixia
468 3861 529 3912 urbs
546 3862 600 3912 Ita·
640 3884 643 3889 >
673 3860 870 3922 '’Quamcieuu
883 3861 958 3911 tutior
973 3856 1039 3923 [auu
1054 3855 1169 3927 atatim]

73 3940 163 4003 lumin
175 3941 338 4005 cenomanie,
353 3943 413 3991 otim
430 3939 476 3990 sub
494 3941 602 3990 ducibus
641 3937 713 4005 Lege
730 3955 788 3992 cnm
806 3939 931 3995 Liuineio,
947 3952 1017 4002 quom
1032 3938 1057 3987 ui
1073 3951 1117 3987 ouo
1131 3942 1169 3987 te·

74 4016 601 4075 Mediolanensibne,uuucditionieVene·
642 4017 698 4067 tior.

74 4095 222 4155 κῶπαι.
240 4094 280 4144 Ad
291 4095 426 4145 Orientem
436 4095 603 4144 habetVero·
674 4094 803 4159 ⁰Vrrouo]
820 4091 1169 4158 DeVeronaeupraPaneg.

74 4179 145 4233 nam,
164 4170 198 4220 ed
216 4171 355 4220 Meridiem
375 4171 545 4234 Bergomum
570 4170 603 4222 ad
642 4183 754 4236 iit-cap.
767 4175 790 4222 1.
812 4169 910 4221 Verere.

75 4245 207 4298 anneum
218 4247 371 4299 creoiouam
380 4254 410 4299 et
420 4249 563 4300 Mantuam.
