2730 4726
361 309 533 362 nlssltnu.
556 309 609 360 AD
632 311 855 362 minuuntur
879 311 1018 362 PANEG·
1149 296 1236 371 1125

130 455 241 531 Heur.
258 456 301 522 de
315 456 449 535 Ranae,
466 458 654 523 eommunis
676 457 776 543 hujus
797 459 916 524 saeculi
932 457 1119 538 Maecenas,
1137 456 1235 543 cujus

131 563 185 628 rel
201 562 311 626 solum
327 580 448 625 nomeu
464 562 553 626 omui
568 563 679 644 elogio
694 569 748 626 est
762 561 939 626 illustrius,

159 664 379 747 ‘Panegyrici
394 664 574 730 Variorum
590 663 777 731 Arctorum
802 669 836 728 et
861 663 1137 728 Declamationes
1152 681 1235 727 non·

128 767 231 832 nullae
246 785 408 850 perquam
424 766 564 832 eruditae
587 767 747 832 hactenus
761 787 829 831 uon
844 767 1032 851 impressae.
1076 765 1118 830 In
1135 765 1230 831 calce

130 869 228 934 libri:
252 871 262 902 ‘
280 868 453 950 Impressa
475 877 553 933 suut
574 869 649 933 haec
664 867 808 934 Viennae
825 868 1011 933 Pannoniae
1028 886 1132 949 opera
1150 865 1235 931 Hie·

130 973 257 1056 ronymi
277 970 491 1048 PhilovalliS,
513 978 548 1036 et
566 970 710 1036 Joannis
732 971 913 1052 Siugrenii,
936 970 1123 1034 sodalium.
1168 968 1236 1033 Inr-

130 1072 250 1156 pensis
273 1092 355 1138 vero
383 1073 531 1138 Joanuis
558 1072 745 1156 Metnglrer,
772 1072 989 1157 Bibliopolas,
1012 1071 1162 1154 Georgio
1192 1071 1235 1137 Τ.

131 1174 334 1252 collimitio,
348 1173 526 1258 Gymnasii
541 1174 771 1239 Moderatore.
810 1190 861 1236 tv,
878 1173 961 1238 Idus
976 1172 1011 1235 M
1016 1173 1130 1249 artias,
1146 1190 1235 1236 anuo

132 1293 317 1342 st.n.x111.
348 1277 541 1358 vImperante
569 1276 820 1354 Maximiliano,
845 1276 885 1340 Ρ.
907 1276 947 1340 F.
971 1273 1070 1356 Aug?
1115 1272 1235 1356 Magni

130 1380 270 1444 omniuo
297 1378 465 1451 facienda,
492 1387 528 1444 et
550 1381 628 1444 loco
654 1379 783 1444 codicis
806 1378 875 1442 Ms.
901 1377 1057 1443 habenda
1083 1383 1136 1442 est
1160 1377 1235 1447 baec

131 1476 345 1568 (inspiniana
370 1481 501 1560 editi03
524 1483 559 1546 iu
586 1500 656 1565 qua
680 1482 748 1545 alio
772 1480 900 1556 urdine,
926 1499 1028 1563 quam
1052 1479 1086 1542 in
1115 1479 1234 1549 codice

131 1591 250 1647 nostro
268 1583 335 1647 Ms.
351 1585 459 1649 autin
474 1583 594 1649 Franc.
611 1583 792 1648 Puteolani
807 1582 964 1659 editione,
980 1581 1138 1646 collocati
1155 1592 1236 1650 sunt

131 1683 347 1768 Panegyrici.

174 1786 226 1852 Ut
241 1807 320 1852 vero
336 1795 464 1872 pateat,
474 1787 715 1861 ‚cutdebeatur
738 1786 814 1853 haee
839 1794 1008 1870 praestans
1024 1795 1059 1852 et
1074 1806 1148 1852 rara
1164 1789 1235 1854 edis

131 1888 191 1965 tio,
208 1908 288 1972 qnae
306 1891 348 1980 iu
373 1909 560 1973 paucorum
584 1891 740 1955 manibus
756 1895 819 1969 est,
835 1891 999 1973 integram
1015 1889 1090 1975 ejus
1106 1890 1236 1955 Praefa-

134 1991 254 2056 tiouem
270 1992 447 2058 transferre
462 1994 528 2057 huc
544 1994 625 2058 libet
639 2015 693 2058 z*

174 2093 369 2178 ‘Georgius
402 2094 646 2179 cuspinianus
676 2093 870 2184 canonicus
902 2090 1163 2176 Herbipolensis
1198 2093 1234 2159 iu

133 2193 281 2278 Haugis,
297 2197 497 2263 Sebastiano
513 2198 621 2263 Felici
638 2197 857 2282 (laspiniano,
874 2197 1060 2269 Fratruelis
1080 2199 1133 2262 sui
1150 2197 1234 2277 filio,

172 2398 310 2467 ‘Decet
322 2421 399 2479 uos,
416 2402 534 2466 cariss.
547 2401 755 2480 Sebastiane,
771 2401 850 2466 dum
870 2407 966 2484 pater
977 2410 1055 2466 tuus
1078 2402 1234 2491 Joanues

133 2502 366 2587 Cuspiuiauus
381 2505 483 2568 immo
504 2511 538 2568 et
557 2523 653 2568 meus
673 2511 772 2585 pater
783 2503 825 2568 'et
846 2510 997 2587 patruus,
1014 2504 1103 2570 Ores.
1120 2504 1234 2571 Maxi·

133 2605 263 2670 miliani
292 2604 514 2669 Consiliarius
541 2613 577 2669 et
615 2604 745 2683 Orator,
783 2607 911 2670 crebris
942 2606 1171 2689 legationibus
1201 2617 1234 2675 et

131 2707 249 2772 arduis
283 2715 475 2790 occupatus
513 2709 670 2791 negotiis,
707 2728 822 2790 regum
859 2710 991 2791 negotia
1028 2716 1132 2785 curat,
1169 2709 1235 2774 eis·

85 2842 89 2851 ·
132 2809 208 2885 dem
233 2810 387 2874 insistere
422 2804 731 2894 vestigiis,<quibus
758 2811 838 2875 olim
875 2812 961 2893 ipse,
992 2812 1023 2875 si
1051 2812 1151 2875 modo
1174 2832 1232 2876 no·

131 2910 245 2978 lumns
272 2932 292 2977 a
316 2913 424 2996 stirpe
448 2920 563 2978 nostra
590 2913 813 2996 degenerare3
845 2918 879 2976 et
902 2912 978 2976 dum
1009 2934 1069 2997 per
1100 2921 1233 2980 aetatem

130 3013 211 3079 licet
234 3014 365 3096 optima
380 3034 523 3098 quaeque
539 3018 685 3098 sectari3
707 3035 786 3093 non,
810 3014 900 3098 quod
925 3014 1076 3099 plerique
1091 3017 1232 3097 faciunt,

130 3121 273 3198 paterna
299 3118 406 3198 gloria
430 3122 616 3195 contentos,
642 3119 893 3199 elanguescere.
938 3117 978 3180 ld
996 3118 1085 3201 quod
1101 3117 1233 3185 iactita-

130 3221 200 3282 tnm
227 3237 459 3301 saepenumero
481 3220 635 3302 legimus,
657 3240 795 3302 magnos
818 3221 908 3284 viros
931 3239 1006 3284 raro
1031 3220 1164 3286 felicem
1182 3232 1232 3290 tu·

129 3318 216 3385 lisso
233 3320 398 3385 sobolem.
444 3322 518 3387 Nos
543 3325 610 3389 alia
633 3325 811 3389 innitentes
834 3324 902 3399 via,
928 3322 1005 3388 Deo
1029 3321 1111 3406 Opt.
1135 3324 1232 3390 Max.

129 3422 236 3502 duce,
245 3425 438 3489 curabimus
463 3424 565 3490 latius
584 3427 721 3491 domum
743 3433 891 3491 nostram
905 3445 1090 3510 propagare
1104 3447 1165 3511 pro
1181 3429 1232 3493 vi·

130 3525 194 3604 rili,
207 3530 253 3605 et,
269 3526 383 3610 quoad
398 3526 470 3592 fieri
483 3532 604 3615 potest,
618 3547 775 3594 conemur
789 3530 886 3594 etiam
904 3547 1061 3613 superare
1078 3532 1232 3613 progeni·

130 3634 225 3693 tores
248 3639 402 3712 nostros3
423 3631 458 3694 in
488 3650 555 3714 qno
579 3633 679 3697 nobis
701 3631 789 3697 haud
815 3631 986 3709 iuvidiam,
1011 3630 1071 3695 sed
1097 3631 1230 3697 landem

130 3733 414 3816 comparabimus.
460 3731 630 3800 Nolumus
653 3736 770 3820 itaque
788 3754 850 3799 nos
865 3733 995 3799 tradere
1010 3734 1091 3813 otio,
1107 3734 1166 3798 scd
1181 3735 1231 3800 vi-

130 3833 235 3915 giliis,
250 3834 552 3915 lucubrationibus,
577 3838 705 3916 studio,
729 3845 902 3922 paternam
917 3837 1066 3902 aemulari
1081 3837 1231 3919 gloriam.

131 3935 179 4000 Et
203 3956 281 4002 cum
301 3941 336 3999 tu
352 3938 401 4000 sis
416 3938 524 4002 minor
538 3944 615 4003 natn
632 3960 697 4023 ego
714 3949 756 4017 te,
767 3942 843 4026 jure
863 3947 898 4004 et
913 3940 1083 4021 sanguinis
1100 3944 1132 4002 et
1148 3945 1230 4005 neta-

131 4038 188 4116 tis,
202 4039 323 4103 merito
337 4038 448 4106 debeo
464 4041 652 4120 admouere,
669 4050 710 4108 nt
731 4043 850 4108 eadem
876 4043 1081 4107 institutione
1096 4042 1230 4108 virtutis

129 4141 458 4226 amplectamuriter,
470 4152 505 4208 et
514 4144 681 4211 literarum
692 4146 870 4232 splendore
880 4144 1229 4228 fiamuspercelebres,
