2730 4726
462 296 728 353 oousrrumuo
751 302 841 353 auc.
878 304 947 354 vri.
966 290 1001 352 6.
1188 292 1272 357 1351

178 451 241 514 tut
283 447 316 513 8.
337 446 430 528 Quid
451 467 703 512 commemorem
718 447 936 529 Lingonicam
951 451 1148 530 victoriam,J
1165 455 1273 519 etiam

179 551 397 634 Imperatoris
421 551 528 634 ipsius
554 552 686 615 vulnera
713 551 920 634 gloriosaml
953 555 1033 638 quid
1057 554 1273 623 Vindonissae

162 661 331 737 campos,
344 653 493 718 hostium
509 661 619 737 strage
634 657 833 737 completos,
853 665 888 721 et
902 656 1011 722 adhue
1028 660 1163 723 ossibus
1179 679 1275 744 oper-

176 757 268 821 tosl
312 757 344 820 4.
368 756 449 841 quid
468 757 644 821 immanem
664 776 709 821 ex
724 758 864 824 diversis
879 757 1121 824 Germanorum
1137 762 1274 845 populis

175 858 432 938 multitudinem,
442 879 544 944 quam
560 860 696 924 duratus
719 861 797 942 gelu
821 860 959 925 Rhenus
974 862 1150 939 illuserat:
1173 873 1209 929 ut
1226 864 1275 928 iu·

177 965 411 1046 enumquam
425 962 569 1027 divortio
583 960 659 1026 suit
674 962 763 1027 idem
773 965 880 1028 amnis
896 963 1116 1047 amplectitur,
1127 966 1274 1048 pedestri

177 1065 311 1147 agmine
332 1083 415 1140 ausa
431 1065 659 1136 transmittere,
683 1072 817 1148 repente
839 1065 954 1130 laxato
976 1067 1122 1144 flumine,
1138 1067 1274 1132 claude-

112 1168 115 1172 ’
176 1173 282 1246 retur,
290 1176 338 1247 et,
346 1167 503 1232 demissis
514 1168 624 1232 statim
641 1167 782 1231 obsessa
796 1169 950 1250 navigiis,
966 1169 1014 1232 ita
1029 1188 1065 1232 se
1081 1169 1202 1233 dedere
1217 1190 1271 1234 co-

176 1275 319 1354 geretur,
330 1277 376 1350 ut,
388 1270 477 1355 quod
493 1270 662 1336 difficilius
676 1275 737 1348 est,
746 1277 832 1335 sorte
846 1271 1013 1336 communi
1029 1271 1173 1353 eligeret,
1189 1292 1273 1356 quos

176 1374 374 1457 captivitati
396 1374 564 1451 traderet,l
582 1374 729 1439 relatura
748 1394 826 1439 cum
850 1374 985 1458 reliquis
1010 1374 1081 1438 suis
1102 1375 1273 1440 infamiam

174 1475 379 1560 proditionis
393 1494 539 1541 suorum.

209 1608 223 1637 θ
242 1602 322 1659 Quom
331 1607 450 1652 coneretur
461 1605 517 1665 gela
530 1603 627 1653 erearrr
639 1603 764 1654 irritaret.

176 1666 246 1782 ώζω
239 1669 275 1718 Ut
282 1671 344 1783 qnod
352 1668 451 1784 poetar
461 1674 507 1734 ert,
518 1684 586 1733 quum
596 1670 619 1719 ri
626 1675 715 1721 sortem
726 1682 866 1719 communem
878 1670 972 1732 experti
982 1675 1067 1726 errent,
1079 1670 1206 1732 religerent
1217 1688 1273 1738 quor

245 1747 272 1782 er
299 1747 376 1785 uren.

638 1811 816 1834 „neuneu

175 1879 294 1943 Guelph.
313 1887 343 1930 et
361 1881 395 1929 nl.
411 1893 453 1942 ep.
470 1880 588 1930 Rhenum
608 1879 676 1944 quod
698 1877 815 1930 restituit
838 1878 976 1928 Arnim-s
997 1881 1064 1936 Quid
1084 1895 1106 1930 e.
1127 1882 1275 1944 Bugoniam

176 1945 295 2008 Guelph.
306 1954 334 1994 et
350 1947 414 1995 Exc.
427 1946 502 1994 Voss.
535 1950 560 1995 et
575 1945 632 2007 imp.
651 1944 711 1995 edd.
733 1951 798 1993 rett.
811 1952 838 1992 et
849 1944 935 1993 Riviu.
961 1945 1033 1994 etium
1050 1947 1105 2009 imp.
1116 1946 1176 1994 Ver.
1188 1949 1272 1999 Lirin.

175 2011 283 2060 Bertiu.
296 2010 409 2072 Guelph.
421 2010 499 2060 Grut.
517 2017 543 2059 et
555 2017 666 2059 receuti.
692 2015 715 2059 et
733 2009 804 2058 delet
817 2007 960 2058 Acidaliur.
987 2009 1101 2060 Vindenis
1110 2027 1203 2076 compca
1214 2012 1274 2063 edd.

176 2085 241 2125 unte
252 2075 341 2125 Arutn.
352 2076 396 2140 qui
407 2075 508 2124 ecodd.
519 2075 589 2126 Gud.
600 2076 687 2124 Moerl.
699 2076 759 2124 Vet.
771 2075 882 2124 Puteau.
893 2076 955 2124 Vct.
965 2075 1049 2125 Lirin.
1058 2077 1159 2125 Bertin.
1169 2087 1196 2125 et
1207 2080 1273 2129 Ere.

174 2142 253 2190 Vota.
266 2142 380 2191 restituit
395 2140 542 2191 Vinearum
553 2155 653 2202 compos.
681 2138 893 2204 canopicum.
907 2140 1015 2189 ‘Scribo
1026 2141 1125 2203 metica,
1138 2145 1178 2191 rel
1191 2143 1274 2193 lrortr'ti

174 2211 227 2256 term
235 2206 339 2269 rtrngess
350 2206 440 2257 Barth.
452 2205 520 2255 hor.
533 2217 592 2254 xrv.
603 2209 657 2254 ll.‘
669 2205 863 2256 Necessitatem
875 2219 924 2253 uon
938 2204 1125 2256 videm'Arutz.
1146 2210 1187 2257 red
1197 2210 1274 2258 adhue

175 2268 238 2321 edd.
250 2281 311 2321 aute
325 2271 422 2322 cellar.
438 2277 462 2320 et
472 2270 548 2320 adhue
558 2271 625 2334 conj.
635 2269 718 2319 Livio.
730 2271 856 2335 Bougars.
867 2269 984 2320 Gruter
997 2271 1146 2321 uernat-r
1158 2273 1273 2336 Guelph.

173 2337 329 2386 nummorum
345 2352 374 2400 po
391 2336 437 2385 ulie
455 2351 486 2386 ex
504 2336 604 2384 diuersis
623 2336 795 2385 Germanorum
804 2351 814 2394 ,·
832 2336 898 2384 Erre.
911 2336 988 2386 Vorr.
1008 2337 1275 2388 dirersielrrrmonorrrrt

170 2403 277 2465 popetm
308 2403 315 2430 ¹
328 2401 359 2450 Iu
403 2416 423 2448 r.
434 2400 504 2450 Gud.
516 2410 544 2449 et
555 2401 615 2450 edd.
627 2401 676 2450 Rh.
685 2400 778 2464 Steph.
786 2402 865 2462 Cusp.
877 2400 934 2450 Lir.
943 2402 1039 2464 legitur
1050 2404 1173 2452 innuerat.
1190 2404 1274 2454 Rheni.

174 2465 209 2516 nd
222 2466 364 2530 marginem
377 2483 385 2515 r
402 2465 529 2529 ‘Opinon
540 2465 677 2530 legendum
688 2464 814 2516 illuserat?
831 2467 866 2515 Et
877 2465 913 2514 ric
926 2476 967 2518 eet
979 2467 1004 2517 iu
1014 2468 1065 2517 Ma.
1077 2468 1164 2517 Moeri.
1175 2470 1272 2519 Schou-

173 2530 280 2582 hom'ad
292 2547 361 2581 oram
375 2530 416 2580 erl.
433 2531 515 2581 Rhen.
531 2531 641 2580 illexerat
652 2530 779 2592 fortasee;
797 2540 824 2580 et
837 2532 961 2581 itaetiaur
973 2547 1019 2581 uor
1030 2533 1204 2596 legerejubet
1214 2534 1275 2584 Aci·

173 2597 272 2658 dahas,
280 2605 309 2648 et
319 2598 346 2646 iu
357 2598 438 2660 Laug.
450 2595 548 2645 invenit
561 2596 701 2654 Livineius,
713 2602 741 2646 et
751 2596 892 2646 ediderunt
902 2597 1063 2646 Paririeuses
1080 2612 1136 2647 euru
1149 2600 1273 2648 Paterolo

173 2668 203 2714 et
220 2662 342 2713 Cellario.
375 2663 491 2724 Sequens
507 2665 535 2710 ut
552 2661 683 2719 ἐκβατικᾶς
701 2675 758 2710 eree
778 2662 941 2724 capiendum,
960 2662 1038 2712 facile
1059 2662 1151 2726 patet!
1174 2665 1270 2726 Joeger.

124 2739 135 2760 ⁸
171 2728 402 2841 illexerut'qnoqne
414 2727 480 2777 Ere.
491 2726 568 2776 Voar.
585 2728 746 2789 complectitur
758 2727 841 2776 Ririn.
852 2734 878 2776 et
887 2726 946 2777 edd.
957 2739 1017 2778 ante
1029 2727 1107 2779 Grut.
1124 2730 1273 2792 amplectitur

172 2793 238 2843 Vet-
251 2793 335 2844 Lirin.
373 2793 449 2842 ertio.
461 2791 573 2854 Guelph.
590 2793 656 2842 Exe.
668 2791 740 2840 Voss.
751 2792 830 2842 Grut.
840 2798 867 2841 et
886 2791 946 2840 edd.
966 2800 1077 2843 receutt.
1104 2809 1163 2843 naeu
1178 2802 1272 2856 repente

173 2857 236 2908 edd.
247 2865 312 2908 vett.
328 2872 385 2908 onan
394 2856 504 2920 aggredi,
513 2863 616 2920 repente,
629 2858 669 2905 vel
680 2858 764 2905 simile
775 2856 905 2921 quidpiam
917 2857 985 2920 conj.
994 2858 1110 2908 Rheuau.
1126 2874 1183 2907 num
1194 2864 1273 2908 traua·

145 2919 149 2927 ’
171 2923 382 2987 *intemperie
393 2923 507 2987 Guelph.
518 2922 584 2972 Erre.
595 2921 674 2971 Vore.
685 2923 749 2972 Erre.
760 2922 903 2971 Schouhov.
914 2923 977 2972 Erre.
988 2925 1068 2988 Laug.
1085 2925 1147 2974 Vet.
1159 2925 1273 2974 Puteau.

173 2987 278 3052 Bertin.
299 2989 406 3050 Caepio.
437 2987 544 3037 dimissio
562 3002 595 3035 ex
613 2987 680 3050 conj.
699 2986 812 3036 Acidalii
832 2988 932 3050 recepit
949 2987 1047 3052 Jaeger.
1065 2997 1093 3038 et
1109 2991 1146 3038 rie
1169 3005 1271 3055 quoque

174 3051 291 3116 Gnelph.
325 3054 397 3107 Mox,
409 3052 469 3102 edd.
482 3058 546 3101 vett.
556 3053 656 3113 eligeret
666 3057 690 3102 et
700 3068 730 3102 erc
740 3067 805 3115 oeqao
812 3067 823 3111 ‚·
838 3053 899 3102 Vet.
920 3052 1002 3103 Lirin.
1015 3061 1042 3104 et
1053 3054 1156 3105 Bertiu.
1172 3056 1272 3118 eligeret

172 3122 199 3168 er
208 3133 279 3182 equor
286 3134 297 3176 ,·
313 3117 381 3168 uude
392 3118 476 3168 Lirin.
489 3117 632 3181 normaque
643 3132 667 3166 re
673 3133 683 3176 ς
701 3118 802 3166 Acidal.
810 3117 908 3179 eligeret
916 3133 986 3179 exre,
995 3135 1051 3183 quor
1058 3136 1069 3177 ,·
1086 3121 1147 3169 Ver.
1159 3121 1272 3170 Puteum.

173 3191 204 3232 et
216 3185 250 3232 al.
259 3183 368 3244 eligeret,
378 3199 443 3246 quor.
461 3181 530 3232 Vide
542 3182 617 3232 Nott.
630 3183 706 3231 Varr.
724 3197 775 3232 enm
786 3183 895 3246 reliquiis
907 3185 1025 3247 plurimae
1038 3184 1098 3234 edd.
1115 3202 1167 3235 eum
1175 3187 1272 3250 reliquie

174 3246 291 3312 Guelph.
301 3249 404 3297 Puteoi.
416 3249 531 3298 Rheunu.
543 3247 579 3298 Η.
592 3248 683 3312 Steph.
694 3249 781 3296 Riviu.
793 3255 821 3298 et
832 3249 949 3298 Patarol.

674 3345 786 3396 NOTAE.

173 3429 268 3478 lierum
277 3433 363 3489 partes
372 3427 491 3484 abduxit,
499 3433 561 3476 utet
571 3427 615 3474 har
625 3433 705 3476 terrae
740 3441 815 3491 qnam
833 3428 903 3490 olim,
920 3436 988 3478 teste
1006 3428 1103 3490 Plinio,
1116 3445 1197 3495 prope
1211 3445 1270 3480 ceu·

173 3505 293 3557 colerent
308 3511 336 3552 et
350 3503 467 3552 Romana
482 3505 556 3566 rigna
567 3518 706 3568 requeren·
741 3510 793 3552 tum
807 3506 886 3554 millia
898 3520 966 3568 pase.
982 3506 1007 3554 iu
1025 3507 1211 3570 longitudinem
1226 3522 1270 3555 ex·

174 3592 229 3633 tur.
741 3588 850 3643 tenram,
876 3597 944 3631 uiroc
976 3583 1057 3632 orulto
1090 3583 1270 3646 angustiorem,

203 3655 706 3722 thirgmtieumuietorinm100urtautiut
741 3657 846 3707 Rhenur
866 3657 892 3706 iu
912 3658 976 3707 duae
998 3666 1084 3721 parter
1104 3673 1131 3707 re
1151 3658 1269 3707 divident

168 3738 250 3803 Juxta
266 3737 396 3797 [iugurro
416 3735 525 3798 primum
543 3731 646 3797 iurgatur
664 3745 706 3784 est
741 3734 911 3799 undequaque
933 3736 1049 3786 involvit.
1087 3736 1161 3786 Idem
1183 3744 1267 3785 autem

173 3809 706 3862 anumerosissimohlamauorumexerei-
741 3812 783 3860 ille
801 3810 893 3862 florius
914 3829 948 3862 ex
969 3814 1049 3862 altera
1071 3819 1146 3875 perte
1166 3813 1268 3861 Rheunr

174 3897 226 3949 to;
249 3901 309 3937 mon
331 3887 388 3951 ipro
409 3886 500 3936 eodem
523 3888 566 3936 die
590 3888 706 3937 accensis
741 3889 845 3952 dicitur,
858 3889 961 3939 Vahalis
981 3905 1013 3938 er
1032 3891 1121 3938 altere.
1154 3889 1215 3938 Huc
1234 3888 1268 3937 ir·

156 3978 282 4017 'auorum
307 3963 397 4013 animia
425 3968 496 4012 tanta
520 3963 543 4011 vi
565 3963 706 4026 integravit
742 3969 860 4029 rumpere
872 3981 947 4016 anaor
959 3967 1070 4015 Francos
1081 3965 1183 4014 obsedit
1199 3967 1267 4028 pari·

175 4055 300 4106 pugnem,
318 4048 348 4090 ut
366 4039 502 4102 sexaginta
520 4054 608 4088 eorum
627 4041 706 4090 millia
741 4050 782 4091 ter
803 4041 977 4096 Constantior.
998 4048 1026 4090 et
1052 4040 1084 4091 ed
1110 4041 1266 4093 deditionem

174 4116 313 4169 ceciderit.
347 4115 530 4178 Vid.Eutrop.
741 4116 836 4181 coiigit.

209 4192 353 4244 *mooun
369 4192 419 4256 rui]
436 4191 549 4244 Insulam
570 4191 705 4244 Bataviam
