2730 4726
207 334 294 400 1284
529 347 693 398 ennean
719 348 992 400 renueremus

207 494 371 570 tissimus,
387 492 527 576 pedicas
542 492 629 576 jecit
644 512 763 559 aureas
777 495 811 559 in
826 494 1039 578 profundum,
1057 494 1255 579 Neptunum
1273 517 1310 562 se

207 596 369 660 dictitans
385 595 532 676 alligare,
547 597 629 678 qnia
643 595 802 662 fluctibus
815 597 996 662 ferociret‘
1037 597 1153 662 Stulta
1168 599 1226 662 ille
1236 601 1311 683 jac·

205 698 323 774 tantia,
334 704 368 761 et
380 698 540 780 sacrilega
553 699 713 764 vanitate.
747 699 781 764 2.
802 698 850 762 At
862 699 951 763 enim
965 704 1035 778 tua,
1051 700 1179 781 Caesar,
1196 701 1310 767 divina

205 799 420 885 providentia
439 808 471 864 et
490 800 619 866 efficaci
638 811 693 866 est
710 822 774 867 nsa
793 803 949 881 consilio,
964 823 1027 868 nec
1047 803 1227 868 insultavit
1246 804 1310 869 ele-

205 907 329 979 mento,
345 909 463 966 utnon
482 909 677 985 provocaret
691 903 816 978 odium,
832 904 891 968 sed
908 909 1082 969 mereretur
1095 905 1310 988 obsequium.

205 1001 237 1067 3.
261 1000 353 1081 Quid
368 1001 478 1067 euimb
493 1004 583 1068 aliud
597 1006 863 1088 interpretemur,
878 1026 955 1071 cum
971 1005 1086 1073 statim
1095 1013 1205 1091 atquc
1219 1008 1309 1071 obsi·

206 1106 341 1170 dionem
360 1107 559 1184 necessitas,
575 1115 611 1171 et
630 1108 815 1174 clementiae
835 1117 959 1174 vestrae
978 1108 1063 1173 fides
1077 1108 1237 1187 solverat,
1255 1129 1309 1172 ea-

206 1209 281 1272 dem
304 1209 464 1285 claustra,
478 1209 536 1293 qui
557 1210 685 1293 primus
707 1211 875 1288 incubuit,
893 1218 1000 1275 aestus
1020 1211 1202 1293 irruperit,e
1225 1215 1309 1274 tota·

206 1331 272 1394 que
293 1311 362 1388 illa,
375 1311 486 1395 quoad
508 1330 592 1374 usus
612 1311 689 1390 suit,
703 1312 829 1376 invicta
847 1312 1008 1376 fluctibus
1027 1311 1118 1375 acies
1138 1313 1308 1390 arborum,

205 1413 308 1477 veluti
327 1413 425 1495 signo
441 1412 533 1490 dato,
548 1420 581 1476 et
597 1420 734 1496 peracta
748 1413 903 1492 statione,
919 1413 1054 1496 dilapsa
1068 1413 1136 1477 sitt
1161 1421 1198 1478 nt
1210 1433 1308 1479 nemo

207 1514 383 1592 dubitaret,
406 1523 538 1597 portum
560 1514 666 1593 illum,
689 1517 749 1599 qui
771 1516 900 1597 piratae,
922 1534 963 1579 ne
984 1516 1055 1579 suis
1078 1535 1179 1598 opem
1201 1515 1308 1594 ferret,

206 1616 364 1680 occlusus
379 1617 510 1695 fuisset,
523 1617 622 1682 vobis
638 1617 681 1681 ad
697 1612 896 1681 victoriamd
910 1621 1030 1699 sponte
1044 1602 1204 1700 patuissd.
1243 1617 1306 1682 Po

205 1718 327 1781 tuisset
345 1718 456 1796 enim:
476 1718 595 1784 Caesar
610 1720 745 1795 invicte,
761 1719 821 1783 illo
836 1719 979 1797 virtutis,
995 1737 1036 1783 ac
1051 1717 1224 1782 felicitatis
1239 1726 1306 1785 tuae

204 1819 330 1904 impetu
352 1828 459 1885 totum
481 1823 596 1905 peragi
611 1821 769 1885 continuo
784 1820 924 1895 bellum,
940 1819 1006 1883 nisi
1021 1819 1235 1885 oedilicaudis
1250 1840 1306 1885 na·

206 1918 324 1986 vibusf
344 1921 417 1985 dari
439 1929 572 2006 tempus
593 1924 638 1986 rei
655 1920 871 1986 necessitudo
887 1921 1062 1985 suasisset.
1105 1922 1138 1985 4.
1164 1920 1243 2000 Quo
1260 1931 1306 1986 ta-

206 2042 283 2086 men
309 2024 425 2088 omnig
449 2031 602 2109 tempore
625 2044 798 2108 nunquam
824 2024 868 2088 ab
894 2042 1009 2088 eorum
1037 2022 1183 2088 hostium
1213 2045 1307 2090 ever-

207 2126 302 2190 sione
317 2133 488 2191 cessatnm
504 2135 570 2207 est,
585 2148 672 2213 qnos
688 2127 773 2192 adiri
790 2126 963 2191 continens
977 2122 1088 2190 terrab
1102 2127 1265 2210 permisit.

240 2307 253 2341 ⁶
274 2309 339 2365 Quin
349 2310 531 2361 vehementiores
537 2312 627 2378 fluctus
634 2317 758 2362 eademst.

663 2460 676 2478 0
679 2455 844 2478 ”nunno

241 2552 308 2602 Cer.
322 2565 373 2602 vri.
408 2558 421 2601 1
435 2555 517 2605 Lirin.
533 2557 649 2607 Rhenen.
663 2566 689 2607 et
702 2557 794 2621 Stepb.
807 2557 848 2622 qui
857 2556 993 2621 fluetibeer
1007 2555 1081 2606 Pur.
1091 2553 1131 2619 qui
1149 2571 1164 2603 u
1174 2555 1310 2620 fluctibeef

207 2617 311 2667 Bertin.
329 2618 384 2680 quie
394 2619 528 2683 studitum
555 2623 667 2685 Guelpb.
685 2632 713 2673 et
725 2623 897 2686 Puteol.quin
906 2622 1072 2686 meraciter.
1101 2620 1216 2683 Guelpb.
1229 2619 1311 2671 Stulte

206 2682 309 2732 itta-e
321 2683 428 2746 Cuspio.
439 2697 466 2734 et
477 2687 565 2734 Moerl.
576 2689 600 2736 d.
619 2688 766 2750 providentie
777 2693 800 2736 et
817 2688 921 2754 efficacia
939 2692 975 2735 ert
991 2701 1042 2741 usu,
1055 2687 1097 2748 dre·
1121 2684 1225 2735 Acidel.
1243 2686 1310 2749 conj.

208 2750 304 2813 wiensi,
316 2749 383 2812 quod
399 2750 454 2812 jam
467 2749 595 2799 dederunt
608 2753 692 2801 Lirin.
704 2762 731 2802 et
743 2753 819 2800 Paul.
830 2755 920 2814 a'tepb.
954 2751 1056 2811 Reliqui
1068 2755 1128 2797 ente
1140 2750 1221 2799 Grut.
1235 2753 1309 2816 effice·

207 2814 263 2870 ein,·
281 2814 389 2862 alterum
402 2816 482 2865 habet
494 2817 606 2879 Grrelph.
617 2820 641 2866 in
654 2834 705 2880 quo
718 2827 804 2868 tamen
824 2826 863 2865 est
882 2820 995 2866 νυνι-3
1006 2813 1073 2864 Edd.
1087 2821 1153 2863 vett·
1168 2815 1210 2879 qui
1220 2820 1311 2878 primus

206 2877 319 2937 insiluit;
336 2878 413 2928 codd.
425 2880 539 2943 Guelplr.
551 2890 578 2930 et
590 2884 677 2932 Moerl.
685 2886 725 2946 qui
735 2898 773 2946 pr.
784 2882 899 2930 incubuit.
922 2880 975 2929 Pro
986 2879 1109 2940 irruperit,
1123 2878 1226 2927 Acidal.
1239 2881 1311 2928 malit

207 2945 308 3003 ruperit.
343 2944 454 3005 Guelpb.
467 2947 607 2996 etPuteol·
620 2964 649 2997 ne
660 2964 679 2997 r.
690 2965 712 2995 e.
722 2947 826 3007 ferrent.
855 2947 940 2995 Livin.
952 2945 1019 3008 conj.
1029 2945 1241 2992 Potuissenteuim
1249 2959 1311 2993 eere.

208 3007 283 3064 Mox,
295 3023 341 3068 pro
357 3011 422 3069 deri,
433 3011 542 3075 Cuspin.
558 3015 615 3062 dure
623 3029 633 3068 ;
661 3022 688 3061 et
702 3012 882 3074 prosecuisset,
895 3010 1010 3072 Guelpb.
1025 3009 1234 3058 successisset—4
1247 3011 1310 3059 Voc.

210 3074 313 3133 tempere
324 3073 396 3121 deest
409 3076 434 3121 in
453 3076 568 3137 plurimis
586 3079 647 3125 edd.
665 3086 737 3126 extat
750 3085 836 3125 tamen
856 3077 881 3124 iu
893 3076 956 3124 Vet.
973 3073 1207 3125 parenaetica
1224 3075 1312 3124 Mara

209 3151 266 3197 quer
276 3136 343 3186 odire
356 3138 462 3203 Cuspiu.
475 3143 590 3192 Rhenan.
604 3141 638 3191 H.
651 3144 742 3207 Stepb.
751 3150 780 3192 et
792 3141 878 3191 Rivin.
891 3146 913 3188 l.
935 3156 991 3203 quoe
1002 3139 1065 3188 udirr'
1077 3139 1190 3202 Guelpb.

705 3287 811 3338 NOTAE

210 3384 357 3427 varensem.
779 3385 883 3439 rendum,
896 3396 990 3446 nempe
1005 3382 1030 3431 iu
1045 3379 1192 3437 Britannia,
1203 3387 1250 3429 eut
1262 3381 1310 3430 Be·

243 3453 255 3486 l’
274 3453 338 3509 Quid
348 3457 422 3522 enim]
434 3460 536 3510 Etenim
547 3467 738 3525 propterquam
780 3461 858 3508 teria.

211 3529 288 3578 aliam
302 3546 405 3582 caueam
417 3535 466 3584 uisi
479 3538 547 3600 quod
559 3553 628 3586 mare
638 3539 684 3587 tibi
694 3537 738 3585 ob·
811 3543 823 3569 ⁰
840 3534 964 3584 Potuisset
974 3532 1049 3594 enim]
1067 3532 1121 3581 Aut
1131 3530 1271 3580 delendum
1282 3531 1311 3579 il·

210 3612 495 3672 sequeretur,dicamus
505 3616 654 3678 contigisse,
665 3623 694 3665 ut
705 3615 739 3663 si·
780 3609 825 3660 lud
849 3611 922 3666 euim,
945 3618 990 3657 urit
1012 3609 1100 3656 addito
1122 3606 1203 3656 rerbo
1225 3608 1312 3670 legen·

211 3685 263 3732 mul
276 3691 354 3746 atque
372 3687 455 3736 soluta
472 3689 573 3740 obsidio
591 3698 641 3747 eet,
658 3692 739 3740 moles
780 3686 850 3746 dum,
861 3684 1169 3745 Poeausetenimnemtrc.

211 3759 255 3808 illa
272 3774 330 3823 quae
348 3761 424 3811 nullis
441 3771 500 3813 ante
517 3764 640 3815 fluctibus
652 3766 740 3816 subrui
812 3763 821 3798 ἲ
836 3764 895 3814 Nisi
905 3764 1052 3826 edificandis
1064 3761 1174 3826 auribus]
1192 3761 1264 3811 Huic
1276 3762 1312 3809 lo·

212 3840 344 3896 potuerat,
355 3844 492 3901 postquam
512 3840 559 3889 tibi
577 3855 633 3889 esee
650 3855 739 3890 necee-
781 3855 812 3891 oo
832 3841 915 3889 lucem
937 3839 1013 3888 affert
1030 3841 1100 3888 leons
1117 3839 1194 3893 alter,
1214 3839 1312 3901 Peneg.

212 3911 280 3959 seria
290 3911 377 3975 desiit,
387 3914 484 3978 dilapsa
492 3917 525 3964 eit
534 3916 677 3980 derepente
687 3919 740 3967 vel·
781 3930 845 3966 rm.
859 3920 883 3963 li.
899 3917 988 3964 ‘Dum
1009 3912 1169 3963 aedificandis
1187 3913 1312 3962 elassibus

213 3987 252 4035 uti
264 3989 334 4050 signo
346 3988 408 4039 dato
420 3999 447 4041 et
457 3992 569 4040 elatione
583 3995 708 4055 peracta?
781 3991 923 4042 Britanniae
946 3990 1110 4053 recuperatio
1132 3988 1314 4052 comperitur:

245 4073 256 4097 ⁰
272 4065 404 4133 irruperit]
422 4070 517 4120 Melius
528 4071 630 4132 ruperit,
641 4079 669 4120 ut
681 4070 741 4121 Aci·
782 4073 831 4119 &a

210 4137 282 4188 ⁴delio
293 4141 389 4203 placet.
815 4156 828 4191 e
846 4148 898 4204 Quo
909 4153 986 4196 tumen
998 4143 1072 4207 erret]
1087 4143 1186 4206 Supple
1196 4148 1313 4208 temperet

248 4215 316 4266 dle
336 4218 472 4286 victorium]
488 4223 587 4288 Supple
604 4224 663 4274 olibi
680 4240 742 4289 quu-
783 4225 871 4288 itaque
883 4224 958 4276 estin
971 4222 1054 4272 veteri
1065 4219 1165 4271 codice.
