2730 4726
425 317 695 368 oonsrnnrrno
718 316 809 365 uuo.
847 317 886 367 x.
901 301 955 365 14.
1152 301 1240 368 1445

134 463 202 529 oes'
214 463 378 528 exierunt.
420 461 453 525 2.
477 461 558 526 Hoo
577 461 677 538 enim,
693 459 817 538 Roma,
834 466 884 526 tot
897 460 1093 525 vulneribus
1108 461 1238 540 sanein,

132 566 297 632 vindicari
321 565 473 642 volebas,
499 584 576 628 num
602 570 713 628 tamen
737 562 1038 646 praestantissimus
1062 562 1240 646 Princeps,

132 667 267 751 iujuriae
291 687 365 732 suae
386 668 569 751 negligens,
583 667 705 731 ulcisci
728 673 805 731 tuas
821 666 943 730 maliet.
986 665 1021 729 3.
1042 665 1098 730 Ita
1112 663 1240 743 ambo?

122 770 270 852 ‘benigni
294 770 544 835 ratiocinatores
568 769 764 847 officiorum,
790 769 887 850 paria
912 768 1060 832 fecistis:
1083 772 1120 832 tu
1142 776 1240 847 voto,

131 887 203 953 quo
225 871 299 935 solo
315 871 473 953 valebas3
495 872 552 937 itte
575 891 689 936 amore
712 872 837 962 pariter
859 875 894 934 et
914 868 1085 945 facultate,
1107 875 1146 932 ut
1167 877 1240 934 tans

131 980 205 1036 turn
220 972 384 1038 bonorum
400 973 462 1037 tibi
478 974 649 1050 tribueret,
662 979 820 1056 quantum
836 979 872 1035 te
885 971 951 1035 sibi
963 970 1048 1033 velle
1059 987 1240 1052 recognos-

130 1073 248 1138 ceret!
277 1076 311 1139 4.
334 1075 499 1158 Pugnasti
512 1072 626 1159 igitur,
642 1076 843 1158 Imperator,
857 1081 999 1138 coactns
1013 1072 1159 1154 quidem,
1176 1073 1239 1138 sod

130 1174 378 1245 hoomaxime
404 1179 582 1243 victoriam
613 1178 774 1254 meruisti,
800 1178 881 1261 quia
909 1194 977 1238 nou
1006 1174 1238 1240 desiderabas.

131 1278 273 1361 Optasti
299 1301 432 1365 paoem,
456 1282 516 1346 sed
541 1283 689 1363 ignosce,
712 1280 742 1344 si
768 1280 845 1364 plus
869 1278 1019 1343 omnium
1042 1283 1123 1341 vota
1145 1277 1238 1342 vnln-

130 1386 238 1444 eruut.
281 1385 314 1447 ὀ.
335 1382 414 1448 Neo
435 1384 492 1448 illa
516 1385 617 1448 solita
637 1382 869 1446 obsecundare
891 1382 1011 1463 coeptis
1033 1378 1100 1442 tuis
1116 1378 1239 1444 divini·

130 1486 206 1546 tase
228 1483 263 1546 in
278 1483 344 1548 boo
360 1484 528 1570 refragata
543 1492 615 1564 est3
638 1483 698 1548 sed
715 1483 843 1566 aliquid
858 1503 902 1548 ex
918 1482 1084 1547 sententia
1099 1488 1158 1546 tua
1171 1501 1238 1546 non

130 1584 235 1660 cedit,
250 1591 289 1650 ut
303 1587 382 1668 plus
399 1606 459 1670 pro
473 1588 601 1651 meritis
615 1585 722 1650 iniret.
761 1585 895 1668 Negata
909 1591 959 1649 est
974 1584 1166 1662 concordia,
1182 1585 1239 1648 oui

130 1690 202 1749 erat
217 1695 335 1768 parata
348 1688 500 1753 victoria.

177 1786 269 1852 Cre.
294 1803 378 1854 xlv.
422 1789 454 1851 1.
477 1788 519 1852 In
534 1776 776 1869 ore'deniqued
798 1792 850 1851 eet
870 1788 1019 1852 omniurn
1037 1787 1236 1869 Galliarum,

164 1968 177 2002 ⁸
194 1970 259 2019 Beni
269 1972 427 2021 natinatores
442 1976 573 2021 vestrorunt
585 1969 714 2036 officinm
727 1970 806 2020 simite
820 1970 941 2034 quippiam
946 1970 1056 2030 fecistis:
1074 1977 1110 2032 44,
1124 1973 1236 2035 41444444,

129 2035 257 2109 4444444444,
268 2038 328 2099 quod
339 2037 504 2095 nnumfneere
518 2043 629 2101 poteros;
645 2036 684 2086 tue
694 2041 719 2085 44
732 2039 833 2100 optando
844 2036 890 2084 tibi
907 2036 1000 2098 444444,
1015 2041 1038 2086 et
1055 2037 1080 2085 id
1093 2036 1137 2085 tibi
1154 2052 1238 2100 procn-

595 2178 776 2204 omn

132 2301 160 2344 et
177 2308 225 2355 pro
243 2296 362 2352 exierunt,
372 2295 453 2345 hebet
463 2296 613 2355 4444444444
629 2295 705 2345 etsie
717 2294 787 2346 Gud.
802 2302 829 2344 et
841 2295 927 2343 Moeri.
952 2295 1021 2344 Vide
1034 2295 1112 2344 Nott.
1124 2295 1237 2346 verr.-

130 2363 147 2409 2
166 2359 284 2408 Rtreunn.
302 2360 395 2423 Stepb.
413 2362 496 2410 Lirin.
513 2362 599 2409 Riviu.
616 2362 650 2409 41.
668 2369 732 2410 vett.
750 2366 800 2409 tam
818 2361 1050 2422 prestantissimns5
1071 2361 1133 2410 Vet.
1151 2361 1237 2410 Lirin.

131 2424 234 2472 Bertin.
251 2425 338 2475 Moerl.
357 2425 471 2488 Gnetph.
490 2425 597 2488 crispin.
615 2430 693 2475 4444444
709 2426 935 2489 44444444444444444
953 2436 980 2473 et
1000 2427 1039 2474 sio
1058 2425 1134 2475 Grnt.
1153 2435 1180 2476 et
1198 2442 1238 2476 re·

131 2495 212 2538 eeutt.
240 2488 423 2556 Aoidai.eonj.
440 2505 492 2540 44444
503 2495 597 2547 tamem
615 2492 666 2551 vet,
685 2505 738 2539 cnm
755 2489 1119 2552 contra-3⁶MeleGuetptr.
1140 2491 1238 2540 ratioci-

130 2558 227 2603 natores
236 2553 394 2619 effectorum!
412 2555 502 2603 Arntz.
518 2555 677 2616 puriufecisti
688 2555 805 2603 Rbeurn.
816 2561 843 2603 et
856 2553 942 2601 Rivin.
952 2559 976 2604 1.
992 2553 1164 2615 parinfeeistis
1173 2555 1236 2605 Vet.

130 2617 245 2667 Putean.
261 2634 320 2668 cum
339 2620 433 2669 ceteris
450 2619 576 2669 omuibus.
601 2635 646 2681 qao
662 2618 936 2682 soioooteiusGuelpb.
959 2618 1003 2666 tibi
1022 2619 1164 2668 retribueret
1175 2621 1239 2669 Vet.
1269 2646 1272 2654 ·

131 2681 215 2731 Lirin.
238 2685 298 2734 nelle
316 2690 465 2746 cognosceret
483 2684 586 2732 Bertin.
604 2684 674 2734 Gnd.
694 2685 828 2732 Muri-5
842 2685 893 2733 Nee
910 2684 952 2732 4444
971 2682 1086 2732 diuinitus
1106 2684 1237 2733 obsecunda

131 2747 238 2809 crispin.
257 2749 376 2798 Rhenan.
395 2749 486 2811 Stepb.
506 2748 612 2797 Puteot.
631 2749 717 2797 Risin.
738 2750 772 2797 44.
789 2755 852 2797 vett.
875 2747 991 2797 diuinitus
1009 2749 1166 2797 obsecundare
1176 2750 1237 2799 Vet.

130 2810 246 2860 Peteau.
255 2813 319 2863 Vet.
331 2814 417 2863 Lirin.
428 2813 530 2864 Bertiu.
548 2815 614 2862 Exn.
625 2814 706 2876 Leng.
722 2813 793 2863 Gud.
803 2814 891 2862 Moert.
903 2813 978 2860 etsie
991 2813 1106 2860 Rhenan.
1117 2822 1142 2860 et
1152 2813 1237 2861 Livio.

130 2883 160 2924 et
171 2874 276 2926 Acidul.
296 2878 380 2927 Lirin.
391 2879 468 2928 etiam
479 2878 547 2940 eouj.
566 2879 721 2928 4444444444
732 2894 753 2927 4.
765 2884 785 2926 4.
794 2880 865 2926 444444
875 2877 1000 2925 diuinitus.
1017 2877 1183 2938 ‘Elegantior
1194 2885 1236 2928 est

130 2940 269 2991 collocatio
281 2942 419 2992 uerborum
432 2944 457 2992 iu
470 2943 552 3003 Lang.
564 2945 612 2992 uis.
619 2959 640 2991 4.
650 2949 669 2993 4.
680 2944 751 2992 solitu
762 2943 877 2992 divinitus
882 2959 892 2999 ,-
909 2939 1018 2990 Gruter.
1030 2948 1140 3004 uterque
1151 2940 1237 2991 Paris.

130 3003 250 3054 Petsrot.
261 3013 290 3056 et
300 3008 395 3058 Cetius.
415 3008 487 3058 notite
496 3008 546 3057 ros.
556 3023 578 3056 c.
589 3013 608 3058 4.
621 3007 755 3057 diuinitus!
770 3005 869 3070 Jaeger.
903 3005 1016 3054 ‘Veram
1033 3006 1172 3058 tectionem
1185 3007 1237 3071 pri·

130 3083 189 3118 snut
207 3071 283 3121 dedit
304 3073 384 3123 Grnt.
402 3078 510 3136 recepto
528 3087 561 3121 ex
581 3072 689 3122 Livineii
708 3073 861 3134 conjecturs
881 3070 1017 3120 verborum
1040 3071 1139 3126 ordine,
1159 3086 1236 3134 qureru

130 3141 220 3184 temen
232 3137 370 3199 Excerptis
384 3138 474 3200 Leugii
487 3137 577 3186 tribuit
587 3138 719 3199 Jaegerne.
753 3136 813 3198 lpse
831 3151 890 3185 4444
910 3135 979 3197 dedi,
990 3150 1065 3200 quern
1077 3151 1110 3184 ex
1123 3137 1237 3200 Gneipb.

130 3206 251 3248 notatum
261 3201 355 3258 babeo,
367 3207 395 3251 et
410 3203 434 3250 in
452 3203 589 3265 antiquiss.
606 3203 668 3252 edd.
686 3199 866 3264 deprehendi!
881 3201 968 3249 Arntz.
992 3207 1015 3250 44
1033 3202 1133 3250 edentia
1151 3203 1236 3251 Livio.

128 3263 163 3312 Ρ.
175 3265 266 3327 Stepb.
288 3281 302 3316 4
319 3268 438 3317 sententia
455 3268 573 3318 erenan.
593 3268 679 3317 Rivin.
703 3273 728 3316 44
745 3268 864 3316 sententia
881 3265 985 3314 Puteot.
995 3281 1026 3314 44
1042 3267 1160 3314 sententio
1172 3267 1235 3316 Vet.

130 3328 243 3378 Puteau.
260 3327 324 3382 Ver.
342 3331 426 3381 Livin.
446 3333 551 3396 Cuspio.
568 3339 595 3381 et
615 3336 727 3382 receutt.
750 3336 773 3380 et
784 3331 875 3394 aliquid
885 3345 897 3378 e
909 3331 1027 3379 sententie
1039 3334 1080 3378 tau
1093 3345 1138 3379 non
1150 3331 1236 3380 cecidit

129 3394 199 3458 eonj.
211 3391 314 3443 Astora
347 3396 411 3446 Mox
423 3396 497 3444 inires
509 3396 576 3458 eonj.
588 3397 674 3446 Livin.
695 3402 723 3445 44
740 3397 792 3458 ptus
806 3394 943 3458 promeritis
953 3395 1027 3444 iniret
1038 3395 1115 3444 Grut·
1139 3401 1166 3444 444
1181 3397 1236 3459 ptus

126 3473 174 3522 pro
185 3459 278 3510 meritis
288 3459 379 3510 44444444
390 3460 494 3511 Acidat.
510 3466 538 3510 ut
545 3462 600 3524 ptus
608 3461 734 3524 promeriti
742 3461 815 3509 iniret
828 3459 922 3509 Arutz.

629 3620 737 3671 NOTAE

160 3733 174 3768 ¹²
191 3731 280 3796 Ambo]
298 3734 382 3783 Roma
393 3748 468 3798 qnam
479 3735 626 3799 alloquitur,
635 3743 663 3785 et
703 3748 757 3782 rem
771 3733 818 3782 tibi
832 3733 914 3782 tendis
926 3741 1040 3797 segetem
1053 3733 1137 3784 daret.

128 3808 317 3858 Constantinus
330 3809 362 3859 de
374 3825 425 3874 qrro
437 3826 520 3860 sermo
533 3819 580 3860 est.
734 3809 746 3843 ‘¹
765 3811 794 3857 In
806 3825 845 3858 ore
855 3811 965 3875 denique]
982 3813 1074 3860 Utrum
1087 3810 1119 3859 de
1131 3810 1234 3861 Laboro

162 3889 175 3916 θ
191 3883 245 3932 Ner
255 3883 312 3933 4444.
322 3916 329 3931 .
339 3886 483 3949 .dioiuitns]
500 3887 559 3937 Nee
571 3886 662 3936 divini·
702 3887 899 3950 intelligendum
915 3887 960 3935 id?
977 3893 1008 3935 su
1029 3887 1097 3949 quod
1109 3886 1169 3935 otim
1181 3888 1234 3936 Ro·

129 3967 173 4012 444
195 3961 240 4010 rna
258 3976 316 4025 qure
335 3963 382 4012 tibi
406 3965 483 4015 rebus
502 3967 527 4014 in
544 3965 662 4015 omuibus
702 3964 785 4014 menis
795 3977 855 4012 mox
867 3965 904 4012 eit
915 3963 1064 4024 contigisse,
1075 3964 1177 4026 equites
1189 3971 1234 4014 ent

128 4036 301 4101 obsecundet,
318 4040 369 4088 tuis
386 4041 454 4090 notis
468 4055 519 4090 non
535 4042 663 4091 obsecuta
702 4041 781 4088 etiarn
793 4039 907 4100 legiones
917 4039 1026 4099 integere
1037 4039 1234 4089 Constantinus

128 4123 180 4168 est,
191 4129 250 4164 oum
262 4113 327 4166 feeit
339 4122 368 4166 ut
383 4117 535 4167 Maxentius
547 4118 662 4168 obtutuur
703 4118 767 4168 coeto
785 4115 927 4166 affuerint?
962 4115 1000 4163 En
1019 4114 1125 4178 quidem
1151 4116 1233 4167 dere

128 4189 214 4240 foedus
231 4205 281 4240 nou
298 4193 440 4258 acciperet,
454 4193 544 4259 sicque
556 4195 663 4259 emptio·
703 4195 766 4244 nihil
783 4194 863 4244 treber
882 4191 1019 4243 Eusebius.
1053 4190 1090 4242 At
1106 4191 1231 4245 Nsesrins
