2730 4726
182 289 273 356 1126
345 265 349 270 ’
413 322 417 328 -
477 322 479 327 -
567 305 908 357 canomann-

184 453 224 514 ut
239 448 365 529 genitor
379 452 491 513 noster
505 448 692 513 communis
707 447 863 514 loannes
876 448 1121 532 cuspinianus,
1133 468 1199 515 non
1217 457 1288 517 tam

185 551 290 616 literis
304 558 339 615 et
350 549 523 615 omnifaria
536 549 731 623 eruditione,
747 570 848 633 quam
869 550 1032 618 industria
1046 571 1088 616 ac
1108 551 1301 639 prudentia

184 662 240 719 est
254 655 352 749 longe
364 653 665 730 celebratissimus,
677 655 736 738 qui
748 653 875 718 nullum
887 658 1019 737 tempus
1029 655 1191 736 praeterit,
1206 655 1289 720 dnm

185 763 326 823 nonest
349 756 494 839 publicis
520 774 561 820 ac
585 755 753 821 Caesareis
775 756 895 821 officiis
918 756 1109 840 impeditus,
1131 743 1204 840 quo
1223 777 1289 823 non

183 860 240 924 sel
255 858 432 923 scribendo
447 857 666 939 vellegendo,
681 858 737 922 vel
758 859 863 922 libros
884 859 1080 925 remotiores
1097 859 1288 925 evolvendo

182 981 227 1026 ac
249 961 467 1038 emendando,
489 961 717 1045 posteritatem
747 980 809 1026 sua
831 980 934 1045 opera
958 963 1068 1047 juvet.
1114 962 1159 1025 Et
1180 983 1290 1046 quan·

186 1083 287 1148 quam
304 1064 378 1147 jam
402 1065 521 1145 ingens
545 1063 703 1128 moliatur
724 1083 821 1149 opus,
837 1064 878 1127 de
894 1064 1099 1129 Consulibus
1115 1063 1288 1133 acCeesa·

183 1168 280 1231 ribus
304 1165 611 1250 Romanis,.usque
635 1164 678 1230 ad
701 1172 817 1231 nostra
840 1166 978 1244 saecula,
1007 1167 1098 1251 qnod
1120 1167 1163 1231 ad
1187 1167 1288 1235 finem

177 1271 252 1358 jam
269 1288 363 1352 paene
378 1268 535 1350 deduxit3
558 1289 626 1333 non
641 1270 828 1335 intermittit
844 1277 956 1335 tamen
972 1269 1164 1337 subcesivis
1179 1269 1287 1347 boris,

183 1373 216 1437 si
238 1372 320 1455 quid
343 1371 510 1435 interdum
535 1372 595 1435 otii
617 1377 737 1435 nactus
752 1370 863 1448 inerit,
879 1372 959 1454 quin
975 1370 1290 1453 depravataemnu·

184 1473 254 1549 det,
270 1493 311 1537 ac
327 1473 480 1539 mutilata
495 1474 662 1537 restituat.
706 1470 808 1550 Quod
832 1492 938 1556 nuper
951 1473 984 1538 in
1000 1471 1052 1537 bis
1069 1472 1291 1558 Panegyrico

182 1575 234 1647 ita
248 1575 434 1657 diligenter,
448 1577 497 1641 ita
510 1583 678 1653 ancorate,
690 1574 863 1658 praestitit,
876 1579 914 1638 at
923 1572 995 1657 jam
1007 1574 1126 1638 merito
1142 1575 1192 1641 illi
1208 1595 1292 1645 suos

185 1683 341 1743 auctores
357 1685 549 1759 agnoscant.
594 1677 683 1741 Nam
708 1682 828 1760 praeter
850 1676 925 1753 boc,
948 1674 1040 1758 quod
1062 1676 1169 1745 multa
1191 1688 1292 1744 erant

137 1844 138 1847 ,
184 1798 359 1868 perperam
375 1781 410 1844 in
424 1779 478 1843 bis
494 1778 756 1861 elegantissimis
772 1777 992 1842 Orationibus
1012 1780 1145 1847 inversa
1159 1798 1201 1845 ac
1215 1799 1291 1851 eor·

183 1890 308 1966 rupta;
331 1884 481 1963 integras
494 1882 596 1946 etiam
612 1881 745 1947 chartas
761 1881 818 1948 ille
833 1887 946 1949 noster
960 1900 1081 1964 parens
1103 1882 1241 1966 reperit,
1255 1883 1291 1948 in

112 2025 115 2029 <
185 1986 424 2048 vetustissimis
452 1984 523 2048 suis
549 1983 810 2068 exemplaribus,
834 2003 876 2048 ac
903 1984 1067 2049 restituit:
1095 1983 1292 2069 adjecitque

183 2086 364 2157 nonnullas
387 2086 625 2169 pulcherrimas
647 2087 816 2154 orationes
835 2088 918 2151 miro
936 2086 1083 2155 artificio
1099 2092 1292 2167 contextas,

185 2193 221 2254 ut
243 2188 414 2252 discerent
424 2188 601 2272 juniores,
620 2207 688 2271 qna
710 2194 780 2252 arte
802 2188 932 2255 similes
954 2188 1164 2263 fabricarent,
1179 2199 1228 2266 ot,
1253 2189 1294 2259 ui

184 2290 348 2354 haberent
363 2292 461 2373 quasi
479 2288 709 2373 archetypum,
733 2296 769 2354 et
788 2291 961 2375 exemplar
983 2290 1139 2359 similium
1160 2291 1292 2363 cottftua

184 2393 294 2476 gandi.
340 2393 396 2457 Na
422 2394 539 2478 itaque
567 2393 651 2457 tanti
677 2393 738 2457 viri
759 2398 874 2457 tantus
897 2393 994 2458 labor
1014 2394 1146 2477 periret,
1160 2394 1293 2478 collegi

186 2499 325 2564 sedulus
346 2506 458 2563 tantas
481 2499 645 2575 sarcinas,
662 2503 696 2562 et
710 2497 846 2563 Achate
870 2518 956 2573 meo,
973 2489 1291 2582 Philippo‘Gunde·
1316 2573 1321 2585 ,

184 2588 251 2679 lio,
261 2601 413 2667 studioso
432 2603 568 2685 juvene,
596 2601 718 2669 comite
740 2607 775 2665 et
795 2600 1010 2680 auxiliatore,
1025 2601 1059 2665 in
1081 2619 1295 2670 communen

183 2704 414 2770 studiosorum
431 2704 622 2780 utilitatem,
641 2723 708 2768 aare
728 2702 965 2785 imprimendas
989 2708 1046 2767 tuo
1061 2705 1294 2787 suspicioni

97 2879 100 2889 ι
185 2806 398 2883 Sebastiane,
409 2805 544 2883 tradidi,
558 2813 594 2870 ut
610 2796 673 2888 per
687 2807 879 2870 universam
896 2805 1048 2870 volarent
1059 2805 1292 2885 Germaniam,

186 2916 223 2974 et
237 2929 302 2974 nos
314 2930 360 2973 ex
375 2909 514 2987 eisdem,
530 2929 593 2973 ceu
607 2908 768 2986 sontibus,
783 2913 817 2972 et
831 2907 975 2972 studiosi
994 2907 1067 2986 elii,
1091 2904 1295 2975 Rhetorioes

188 3015 222 3074 et
237 3013 324 3076 bene
344 3011 479 3075 dicendi
499 3018 671 3095 praecepta
696 3011 932 3077 edisceremua.
980 3009 1078 3088 Vale,
1098 3012 1145 3076 mi
1165 3011 1292 3077 Sebas-

185 3115 277 3181 tiano
295 3113 407 3189 Felix,
426 3133 467 3176 ac
490 3122 621 3199 patrem
643 3120 745 3188 tuum,
767 3114 875 3177 'immo
901 3119 1063 3190 nostrum,
1078 3133 1237 3179 venerare
1258 3123 1294 3180 et

23 3287 25 3290 ,
90 3250 94 3260 ⁴
186 3235 338 3301 sequere.
383 3215 524 3280 Viennae
551 3215 749 3294 Pannoniae,
768 3233 816 3283 ιν.
840 3216 923 3281 Idus
940 3215 1097 3293 Martias,
1124 3234 1224 3280 anno.
1239 3236 1292 3282 aa·

58 3315 60 3320 ’
186 3317 484 3386 lutisM.n.x111.'

186 3471 189 3478 .
231 3421 386 3509 Conjicio
403 3422 499 3501 adeo,
515 3421 572 3486 Jo,
589 3420 832 3505 cuspinianum
854 3440 1016 3487 excusum
1039 3419 1186 3504 quidem,
1211 3426 1248 3484 et
1272 3440 1293 3485 a

185 3525 309 3592 Frena.
339 3524 529 3592 Puteolano
544 3534 692 3594 curatum
710 3524 884 3609 exemplar
904 3533 1050 3590 veterum
1067 3523 1292 3606 Panegyrico

186 3650 272 3706 rum,
288 3629 323 3692 in
346 3629 501 3692 manibus
513 3628 693 3710 babuisse3
715 3629 749 3693 id
764 3637 874 3694 tamen
890 3647 934 3692 ex
947 3628 1023 3692 aliis
1039 3628 1181 3693 uetustis
1194 3627 1292 3692 codi-

187 3737 288 3802 cibus
305 3734 390 3798 Mss.
404 3733 617 3796 emendasse.

186 3890 191 3898 .
232 3835 434 3920 Panegyrici
449 3834 603 3912 Veteres,
628 3834 779 3900 Basileae
802 3854 860 3918 per
886 3832 946 3898 lo.
969 3831 1181 3908 Frobeuiurn,
1196 3822 1300 3898 anno*

189 3959 231 4004 nr.
242 3961 277 4007 n.
296 3957 369 4005 xx.
383 3940 414 4003 4.
452 3937 493 4002 In
508 3939 633 4022 quibus
654 3937 860 4002 excudendis
875 3956 937 4020 pro
954 3954 1071 4014 magna
1086 3942 1182 4018 parte
1200 3935 1293 4001 codi-

188 4064 263 4110 cem
286 4041 519 4107 Rbenanicum
542 4040 693 4105 imitatus
722 4046 775 4105 est
804 4038 1004 4116 Frobenius,
1028 4042 1064 4100 ut
1086 4038 1162 4120 ipsa
1182 4037 1234 4102 ait
1257 4037 1293 4102 in

187 4148 301 4214 titulo.
346 4149 474 4214 Beatus
496 4165 574 4213 vero
590 4144 776 4212 Rhenanus
798 4146 833 4210 in
845 4143 1068 4210 Praefatione:
1090 4141 1296 4226 ‘Panegyrb
