2730 4726
136 312 225 385 1124
518 331 551 378 c.
575 331 610 378 a.
632 328 850 380 seuwanzrr

182 475 404 561 Panegyricae
419 474 576 541 Veterum
595 473 786 552 Orationes,
802 495 847 541 ex
861 473 1038 540 Francisci
1054 474 1239 544 Puteolani

138 580 380 661 recognitione:
404 579 519 644 Editio
542 580 692 663 antiqua,
716 579 788 645 sine
809 580 884 642 loco
903 584 936 643 et
957 598 1045 643 anno
1065 581 1098 643 in
1117 582 1151 643 4.
1198 581 1239 645 ln

136 681 248 766 priore
265 682 388 765 pagina
413 681 512 764 primi
532 682 605 745 folii
630 680 728 764 hujus
749 680 824 746 libri
837 689 1054 745 recensentur
1069 682 1241 748 titulisin-

136 783 287 866 gulorum
312 783 614 868 Panegyricorum3
636 784 702 847 sub
726 783 822 866 cujus
848 783 1053 847 recensionis
1076 783 1141 846 fine
1165 784 1239 851 haeo

136 900 268 950 excusa
284 894 362 950 sunt
377 886 497 950 verba:
518 884 746 950 ‘Franciscus
762 882 970 949 Puteolanus
984 884 1240 966 diligentissime

135 986 354 1070 recognovit!
397 988 437 1051 ln
454 989 545 1052 calce
566 987 664 1070 hujus
679 986 839 1051 editionis
855 987 928 1052 baec
943 987 1017 1051 sola
1039 988 1142 1051 verba
1156 989 1240 1071 legi·

134 1106 226 1154 mus:
251 1088 478 1174 ‘Panegyrici
501 1105 573 1153 xrr.
593 1088 739 1167 finiunt3
762 1107 783 1152 a
809 1089 913 1152 variis
935 1090 1130 1154 auctoribus
1155 1090 1239 1156 editi

135 1187 214 1258 cum
236 1193 345 1274 gratia
367 1198 400 1256 et
426 1189 626 1276 privilegio!
670 1190 760 1255 Haec
781 1191 885 1255 editio
911 1191 984 1272 sine
1006 1192 1112 1256 dubio
1134 1194 1238 1260 refert

133 1293 228 1359 illam
245 1295 445 1379 principem,
462 1315 538 1377 quae
565 1293 681 1359 itidem
703 1294 774 1358 sine
797 1293 964 1358 mentione
987 1293 1067 1371 loci,
1083 1294 1141 1359 ubi
1157 1315 1238 1378 pro·

133 1396 242 1475 dicrit,
257 1399 422 1481 impressa
436 1403 487 1462 est
502 1385 592 1461 anno
614 1409 879 1459 ucccouxxvr.
891 1395 1001 1460 forma
1019 1398 1130 1478 quarti
1147 1397 1239 1462 ordi.

133 1498 200 1576 nis,
212 1518 254 1563 ac
269 1518 358 1583 quae,
370 1506 408 1562 ut
418 1501 497 1582 ipsa
512 1498 613 1561 docet
627 1496 808 1568 dedicatio,
820 1502 937 1561 curata
951 1503 1003 1562 est
1018 1517 1040 1561 a
1052 1498 1237 1565 Francisco

134 1599 340 1680 Puteolan03
364 1620 534 1684 quamque
551 1599 668 1664 laudat
683 1599 883 1664 Arntzenius
897 1599 933 1662 in
949 1598 1051 1665 Praei.
1066 1602 1109 1664 ad
1125 1601 1236 1667 Pane-

132 1701 282 1787 gyricum
298 1701 415 1766 Plinii.
458 1702 557 1767 Illam
581 1722 660 1767 vero
682 1701 923 1766 dedicationem
940 1703 1059 1769 Franc.
1076 1703 1236 1770 Puteola·

131 1824 196 1871 nus
223 1806 442 1889 inscripserat
469 1804 603 1870 Jacobo
632 1804 847 1887 Antiquario,
878 1804 1000 1868 Ducali
1024 1805 1234 1888 Secretari0;

132 1907 193 1971 ubi
222 1907 402 1989 significat,
434 1927 472 1971 se
500 1906 711 1992 Panegyrico
740 1906 842 1970 Plinii
872 1905 1048 1971 addidisse
1078 1908 1237 1974 undecim

133 2009 221 2074 alios
246 2009 482 2095 Panegyricos,
498 2029 564 2074 non
581 2010 739 2075 Pliniana
758 2009 898 2093 quidem
924 2028 1035 2092 pares,
1050 2009 1110 2072 sed
1125 2017 1234 2076 tamen

130 2131 197 2176 non
213 2113 429 2194 indagantes,
446 2119 506 2176 aut
526 2112 745 2188 recusandas,
770 2130 846 2175 cum
871 2111 956 2175 mira
978 2111 1011 2175 in
1031 2113 1174 2193 singulis
1190 2116 1235 2178 sit

129 2214 293 2294 cruditi0;
308 2220 475 2298 praeterea
486 2212 666 2298 adjecisse,
683 2217 720 2277 ut
734 2213 929 2295 magnitudo
947 2214 1128 2279 voluminis
1138 2215 1235 2299 justa

106 2318 233 2396 ,esset
248 2316 335 2383 Julii
351 2314 518 2397 Agricolae
544 2317 647 2380 vitam
673 2334 735 2397 per
760 2314 955 2380 Cornelium
971 2315 1128 2380 Tacitum
1154 2337 1235 2382 con·

131 2419 303 2502 scriptam,
327 2424 359 2484 et
384 2419 616 2502 Fragmentum
641 2416 792 2481 Petronii
813 2415 954 2481 Arbitri.
997 2416 1053 2480 Ab
1074 2417 1137 2483 bac
1151 2438 1232 2502 ergo

130 2520 280 2584 editione
294 2520 396 2584 aliam
411 2538 485 2583 esse
507 2525 655 2602 oportet,
670 2537 770 2603 quam
788 2517 892 2584 Mich.
906 2517 1091 2597 Maittaire,
1106 2526 1190 2585 tom.
1207 2538 1234 2586 r.

130 2622 254 2687 Annal.
283 2621 432 2705 Ty‘pogr.
458 2639 535 2704 pag.
561 2621 638 2685 374.
664 2621 727 2684 sub
757 2621 915 2703 sequenti
940 2620 1041 2686 titulo
1065 2631 1233 2691 recenset:

129 2723 357 2808 ‘Panegyrici
387 2723 502 2787 Latini
525 2719 687 2802 Veteres3
710 2721 860 2786 Petronii
879 2719 1009 2787 Arbitri
1032 2723 1233 2808 Satyricon3

127 2827 327 2911 Ephemeris
353 2826 474 2911 Dictys
504 2824 687 2890 Cretensis.
717 2826 752 2889 4.
776 2823 972 2908 Mediolani,
996 2825 1154 2907 impress.
1177 2827 1232 2893 dio
1277 2849 1282 2860 ·

129 2927 362 2993 decimonono
378 2929 501 2993 mensis
518 2927 616 2991 Maii.
642 2944 680 2991 ru.
694 2944 795 2992 coco.
809 2941 964 2991 Lxxvrr.
980 2946 1057 2991 cum
1073 2928 1234 3010 Epistola·

128 3032 271 3120 Maselli
299 3031 529 3095 Beneventani
552 3030 595 3095 ad
623 3031 907 3095 Bartholomaeum
924 3031 1099 3109 chalcnm,
1113 3031 1229 3100 Duca-

128 3135 196 3198 lem
221 3132 456 3210 Secretarium,
480 3141 558 3196 ante
583 3134 711 3217 Dictyn
738 3133 937 3216 praemissa?
981 3134 1097 3198 Facile
1117 3143 1230 3201 tamen

128 3235 198 3301 lieri
214 3235 334 3318 potuit,
350 3243 388 3300 ut
404 3235 506 3300 etiarn
529 3237 602 3300 haec
627 3235 894 3300 Mediolanensis
917 3236 1021 3301 editio
1043 3245 1163 3303 secuta
1186 3239 1231 3303 sit

127 3337 356 3403 recensionem
386 3337 560 3403 Francisci
591 3338 788 3418 Puteolani3
820 3357 897 3403 curn
927 3339 1017 3403 baud
1047 3358 1120 3403 raro
1147 3346 1229 3406 tunc

128 3439 301 3519 acciderit,
329 3446 368 3503 ut
393 3435 595 3525 typo‘graphi
625 3441 729 3504 vicini
766 3441 908 3506 aliorum
942 3441 1231 3524 typographorum

128 3562 232 3629 opera
254 3541 451 3607 recuderint.
497 3542 539 3607 Id
559 3543 650 3627 quod
670 3543 721 3607 illi
744 3544 870 3609 certius
892 3543 1138 3627 dijudicabunt,
1153 3547 1228 3630 qui-

127 3645 193 3709 bus
211 3645 375 3726 contingit
397 3644 573 3727 utriusque
596 3645 751 3710 editionis
773 3644 983 3730 exemplaria
997 3645 1080 3709 inter
1095 3664 1132 3709 se
1148 3667 1228 3712 con-

126 3747 223 3812 ferre.
268 3745 453 3829 Exemplar
481 3745 555 3829 ejus
585 3746 749 3823 editionis,
774 3767 873 3831 qoam
898 3746 1005 3831 primo
1033 3746 1112 3810 loco
1136 3768 1229 3814 com-

126 3849 396 3925 memoravimus,
411 3853 446 3912 et
467 3868 542 3931 quae
559 3847 678 3911 Franc.
695 3846 876 3912 Puteolani
900 3867 1032 3912 nornen*
1047 3849 1228 3932 praefixum

127 3947 241 4025 babet,
256 3968 451 4034 quanquam
471 3950 547 4033 ejus
570 3949 737 4032 praelatio,
754 3951 826 4016 sive
842 3949 1025 4028 dedicatio,
1041 3951 1088 4015 ibi
1105 3971 1227 4037 perpo-

125 4070 196 4114 ram
210 4052 308 4118 fuerit
324 4053 461 4130 omissa,
478 4073 538 4136 pro
552 4053 676 4134 insigni
691 4053 894 4118 humanitate
906 4073 978 4126 sua,
991 4059 1026 4117 et
1040 4053 1229 4120 incredibili

127 4153 240 4218 studio
264 4156 423 4221 ornandae
446 4156 491 4220 rei
513 4155 669 4220 literariae
686 4175 731 4220 ex
752 4156 1035 4239 praestantissimo
1050 4155 1227 4223 Thesauro

128 4256 349 4324 Bibliothecae
375 4278 458 4340 suae,
485 4263 599 4323 nostro
628 4258 707 4324 usui
729 4256 871 4325 indulsit
895 4255 1094 4342 perillustris
1120 4257 1227 4331 Dom.
