2730 4726
127 300 214 369 1218
411 309 631 367 narramur
659 318 955 370 osu-arnursous

126 465 236 543 nibus,
253 469 313 530 aut
327 482 386 547 per
401 463 487 528 tores
503 463 536 528 in
557 463 731 546 publicum
753 463 1000 546 proruentibus,
1016 468 1075 529 aut
1095 480 1156 547 per
1178 479 1234 529 su·

127 569 262 652 periore
282 567 403 633 aedium
420 561 559 631 liruinud
577 565 843 631 imminentibus.
886 569 920 630 4.
943 567 1100 631 Clamare
1116 587 1234 640 omnes

128 690 199 756 pree
220 670 354 754 gaudio,
366 669 437 753 jam
461 669 535 732 sine
555 674 645 732 metu
668 669 780 747 vestri,
793 677 827 733 ct
847 669 962 752 palam
977 689 1080 734 mann
1095 669 1235 734 demon·

127 779 253 838 strare:
277 772 386 839 Vidcs
401 773 677 842 Diocletianum?
725 772 972 843 Maximianum
988 771 1237 846 videsivambo

128 882 228 940 sunt:
251 875 375 957 puriter
391 879 484 938 sunt:
510 893 611 956 quam
621 872 765 956 junctim
778 874 918 943 sedenti
939 893 1041 958 quarn
1059 874 1236 938 concordi·

127 985 179 1043 ter
192 975 469 1059 colloquunturi⁶
493 997 591 1058 quam
612 977 684 1046 cito
697 977 891 1042 transeunti
933 979 966 1041 5.
990 976 1104 1041 Nemo
1122 978 1238 1050 stadio

127 1100 190 1146 suo
215 1099 277 1162 par
300 1079 364 1142 fuit
386 1078 493 1142 oculis
516 1079 821 1150 ads,r'ntuendum:⁶
851 1080 995 1162 dumque
1018 1099 1079 1143 vos
1104 1080 1236 1145 alterna

127 1182 316 1265 cupiditate
331 1181 502 1257 mirantur,
520 1186 668 1246 neutrum
686 1183 771 1245 satis
787 1182 898 1246 videre
913 1188 1103 1265 potueruut.

174 1284 263 1348 Cra.
288 1301 361 1348 xri.
393 1283 426 1345 1.
449 1283 534 1365 Ipsa
554 1284 657 1347 etiarn
680 1284 828 1364 gentium
850 1284 997 1360 domina,
1019 1280 1158 1360 Roma,f
1175 1284 1238 1348 im-

128 1386 265 1449 modico
281 1385 547 1467 propinquitatis
564 1386 706 1448 vestrae‘
719 1385 808 1450 elata
822 1387 961 1468 gaudio,
978 1404 1109 1470 vosque
1124 1406 1142 1450 e
1159 1407 1240 1468 spe-

103 1472 107 1478 *
127 1488 239 1554 ouiis‘
259 1507 394 1551 snorum
412 1489 573 1551 montium
591 1487 781 1570 prospicere
794 1495 929 1566 conata,
946 1507 1014 1571 quo
1030 1509 1066 1552 se
1081 1489 1239 1554 vultibus

128 1590 248 1655 vestris
270 1590 412 1673 propius
435 1590 655 1672 expleretur}
674 1591 868 1663 intuendum
891 1592 1057 1670 cominus,
1073 1600 1238 1674 quantum

129 1693 418 1788 potuit,accessit.
463 1693 497 1757 2.
522 1691 687 1759 nominat
711 1695 876 1778 siquidem
898 1700 1036 1760 senatus
1056 1694 1111 1758 sui
1131 1697 1242 1772 misit,

161 1891 171 1916 ⁰
189 1883 265 1933 Nemo
273 1896 317 1944 pro
327 1879 444 1940 desiderio
455 1895 498 1930 suo
509 1896 551 1930 vos
558 1879 689 1943 conspicere
699 1883 786 1943 potuit.
876 1878 889 1912 ‘¹
911 1879 983 1937 Vobis
993 1881 1188 1932 adtestantibus.

129 2132 178 2179 ‘-t
196 2127 336 2179 ‘Nonnuiti
345 2124 423 2176 libri
417 2132 453 2174 rta
465 2125 520 2174 lucc
533 2124 610 2174 rerba
622 2125 774 2202 prodidere,
783 2124 1040 2176 VidesDioctetinuurrr
1047 2124 1241 2178 Maximianum·

129 2199 191 2257 quet
181 2195 304 2244 tVidest
327 2193 378 2242 Sed
391 2189 525 2267 sequimur
542 2191 697 2252 scripturam
714 2182 834 2240 codicum
848 2200 980 2240 veterum·
973 2205 1069 2267 ,qnam
1085 2193 1166 2240 etiam
1180 2207 1240 2256 pro·

129 2259 202 2308 bavit
214 2259 360 2308 Gruterus:
380 2263 421 2305 est
436 2257 504 2303 enim
521 2269 569 2319 pre
582 2257 682 2304 ratione
696 2255 808 2320 abrupte
821 2258 978 2320 loquentium
992 2256 1097 2319 aptior!
1115 2257 1242 2308 Sctwurz.

129 2324 205 2385 Mox,
216 2325 282 2372 amira
293 2327 358 2382 aaut,
368 2325 482 2369 causant
493 2320 622 2383 Sigonius
643 2321 832 2385 ‘Puteolanum
839 2322 988 2381 Rhenanus,
999 2321 1241 2382 Navrnquuacen-

131 2389 177 2443 sis
188 2394 215 2436 et
225 2389 260 2436 H.
271 2389 417 2450 Stephanus
430 2385 596 2448 evulgarunt
609 2386 687 2441 Quum
698 2387 785 2435 invicti
795 2386 899 2436 sedent!
915 2389 1012 2437 Noster
1024 2387 1117 2448 codex,
1129 2395 1157 2436 et
1171 2390 1239 2438 atter

131 2453 305 2508 Gudiiliber
314 2450 743 2512 etCuspinianieditioerrhiberrt,
757 2448 1025 2537 Quamjuuctisederrt!
1047 2452 1131 2500 Etiam
1141 2451 1234 2502 Acida-

128 2517 180 2567 irus
192 2519 306 2568 monuit
329 2517 427 2577 ⁴‚Lege
436 2516 595 2578 quamyuuctr
606 2518 697 2577 sedent
717 2526 745 2566 nt
757 2531 845 2579 supra
864 2517 995 2585 ‘junctim’
1016 2530 1063 2579 pro
1080 2517 1242 2569 ‘invictis'

129 2583 277 2646 Praeterea,
292 2591 359 2633 teste
372 2581 494 2637 Gratero,
511 2581 670 2643 Bongarsius
682 2588 709 2630 et
728 2583 861 2630 Puteanus
874 2583 915 2632 iric
931 2578 1077 2631 maluerunt
1091 2581 1194 2642 iuuene
1210 2592 1238 2634 at

130 2649 312 2709 verojauctim,
323 2648 390 2712 qnod
404 2647 503 2694 notavit
515 2646 658 2701 Livineius,
668 2646 767 2697 diserte
780 2648 928 2697 nidutatrrr
922 2663 946 2695 m
957 2648 1047 2697 codice
1057 2647 1239 2709 Bertirrieusi·,

129 2715 198 2780 qnod
211 2717 272 2765 hnic
284 2715 341 2763 ioco
353 2726 427 2776 aeque
440 2711 570 2761 convenit.
605 2712 699 2787 Itaque
711 2712 780 2762 hoc
768 2728 824 2775 Jam
838 2713 976 2778 prodidere
989 2713 1132 2769 Gruterus,
1137 2713 1237 2763 Parisi-

130 2793 214 2836 enscs.
227 2779 364 2839 cellarius,
376 2774 500 2827 Patami!
514 2775 635 2826 Sctrrcorz.
670 2778 867 2841 Vulgoqrurmc.
879 2779 1038 2842 eloquuntur:
1049 2779 1111 2826 Vct.
1121 2778 1235 2828 Putean.

30 2856 33 2861 ·
130 2845 231 2896 Bertin.
243 2845 414 2896 Scirrvamian.
427 2842 496 2892 Gud.
510 2846 533 2890 l.
546 2847 570 2891 2
589 2843 657 2890 Eric.
666 2842 743 2891 Voss.
756 2844 853 2892 etedd
865 2851 976 2893 recentt
993 2857 1090 2905 quamc.
1102 2843 1238 2906 coaequum

51 2944 60 2961 .
131 2915 231 2958 tun-tt
248 2911 423 2966 Nemoatrutio,
434 2922 500 2956 nemo
515 2907 624 2970 possuit
638 2908 908 2967 cmiisndiutuerrdum,
926 2909 1053 2974 probante
1070 2908 1239 2972 Servatum

129 2973 381 3034 studiosummoconj.
392 2943 486 3021 Airita.

164 3039 231 3085 Can.
243 3051 293 3086 xrr.
312 3037 409 3085 lEdd.
420 3044 486 3083 vett.
496 3035 522 3082 iu
534 3035 624 3084 modico
626 3037 833 3100 ,proimmodico
850 3037 908 3086 Vox
920 3039 983 3085 stata
994 3036 1089 3085 deest
1082 3051 1108 3084 m
1118 3036 1208 3100 Guei
1211 3038 1236 3087 tr.

126 3100 258 3161 *Celtarius
282 3116 330 3165 pro
353 3114 436 3162 eosque
457 3097 540 3147 edidit
562 3113 643 3159 usqae.
677 3101 753 3156 Μοκ,
771 3115 817 3163 pro
834 3102 948 3158 cominus
964 3101 1078 3164 Guetph
1096 3101 1241 3168 habetque

627 3246 737 3297 NOTAE

155 3363 175 3399 ⁴¹
190 3361 301 3426 Limina]
318 3363 439 3412 Fortasse
453 3361 565 3412 culmina.
703 3369 730 3411 et
748 3369 874 3413 terrarum
893 3362 1039 3427 Reginam?
1072 3363 1106 3414 Et
1118 3363 1240 3415 Martiai.

162 3449 173 3474 ⁰
203 3440 376 3503 Cottoquuutar
395 3437 558 3504 [eloquantur]
585 3440 661 3489 Cotto·
703 3445 797 3492 arus.
814 3442 970 3491 ‘Terrarum
990 3442 1048 3490 Dea
1065 3440 1238 3506 gentiumque

129 3523 233 3583 quantur
251 3516 423 3566 Bertiaierrsis
440 3515 547 3574 codex;
562 3515 609 3564 sed
629 3530 661 3566 eo
700 3518 800 3576 Roma
807 3520 855 3570 cui
873 3535 920 3582 par
936 3527 976 3568 est
993 3520 1056 3568 niirit
1075 3525 1103 3568 et
1115 3520 1194 3568 nibil
1192 3535 1237 3569 ··re

131 3594 241 3652 verbo'
229 3608 302 3658 Jarrr
300 3594 480 3650 Mamertinus
499 3607 559 3642 usus
577 3599 617 3642 cst
634 3593 660 3641 in
698 3595 832 3646 enndnru'
865 3594 1236 3698 VideLipsiumdeMaguit

131 3670 378 3736 superiorePaneg.
391 3685 453 3734 cap
469 3684 530 3720 rx.
529 3669 660 3720 Adepti·
701 3673 777 3723 Rom.
790 3677 848 3722 cut

124 3749 202 3812 *duan
223 3747 417 3812 fraternumque
440 3745 491 3797 t'uit
515 3747 579 3796 illud
606 3748 660 3797 eio-
733 3747 883 3813 sdpecntis]
908 3748 1016 3798 Romani
1039 3747 1109 3797 circs
1132 3755 1236 3807 montes

129 3824 237 3892 quincu’
419 3852 425 3867 ·
700 3840 759 3874 sum
771 3823 1236 3889 conscerrdebaut.ntindatanquam

166 3901 302 3955 ‘Gentium
319 3903 422 3962 domina,
440 3900 528 3964 Romo]
546 3902 611 3951 Pau.
627 3915 660 3953 rr.
701 3917 732 3952 ex
746 3904 804 3952 attis
815 3902 928 3965 speculis
939 3901 1112 3950 adventantes
1122 3900 1235 3965 impara-

128 3981 154 4029 2.
165 3978 336 4029 ‘Immortalis
347 3987 419 4027 ortus
428 3978 538 4028 dominre
546 3979 660 4041 gentium
701 3987 771 4028 tores
783 3980 880 4027 eminus
892 3978 1047 4041 aspicerent.

126 4055 260 4107 ciuitatis!
286 4056 443 4119 Csp.ld.ad
458 4055 580 4104 Romam:
600 4056 660 4104 ‘irs-
732 4053 875 4116 tuemur]
893 4055 976 4103 Lusus
988 4053 1014 4103 iu
1027 4052 1117 4102 serbo.
1150 4053 1235 4102 Roma

131 4132 207 4180 terim
221 4139 307 4181 tamen
318 4140 344 4182 te
357 4131 472 4195 gentium
484 4130 606 4182 domina!
624 4132 660 4181 Et
701 4131 758 4194 ipsa
780 4138 808 4178 ut
838 4144 882 4179 vos
911 4130 1086 4193 conspiceret,
1113 4131 1234 4178 accessit.

130 4207 196 4260 Pan.
208 4221 237 4258 x.
246 4213 287 4258 to.
300 4210 308 4241 ‘
316 4208 533 4258 Arcamomniurn
542 4207 660 4272 gentium
701 4206 751 4258 Qui
763 4205 858 4270 porro?
874 4205 935 4270 quia
947 4205 1056 4256 misitad
1070 4217 1115 4253 ros
1127 4212 1234 4254 senatur
