2730 4726
128 315 216 382 lete
448 323 607 376 iseram
629 323 901 376 senseramus

126 473 230 552 tendi,
246 470 439 555 Aquileiam
448 478 462 507 ⁸
482 489 620 555 quoque
634 469 678 534 de
692 469 813 552 legatis
827 487 942 534 eorum
957 486 1000 533 ac
1015 467 1226 553 supplicibus

127 575 329 659 recepisses,
343 574 523 657 cunctique
544 593 582 636 se
605 571 668 637 tibi
689 571 912 649 dedidissent,
929 590 1017 653 quos
1036 571 1226 648 obsidendo

127 697 335 754 servaveras,
357 675 517 758 ignovisti
539 675 706 753 omnibns,
724 679 759 738 et
776 674 892 753 vitam,
906 693 1009 756 quam
1031 673 1228 757 desperare·

127 787 215 861 rant,
230 778 417 844 reddidisti.
458 777 492 842 2.
514 776 558 841 Et
572 775 707 860 quidem
725 776 860 860 jussisti
883 793 976 840 arma
995 773 1179 858 deponere,
1195 779 1229 839 ut

126 883 232 947 multo
245 882 349 945 tutius
364 879 503 943 victoris
522 879 649 961 pietate
667 883 867 961 tegerentur:
888 884 926 942 ut
947 885 1063 941 tamen
1082 877 1228 961 pertina-

127 983 192 1049 ciae
215 1002 289 1048 suae
311 981 432 1045 merita
454 967 623 1055 sentirent,
642 981 767 1064 corripi
787 999 860 1058 eos,
877 980 1064 1064 vincirique
1081 979 1230 1062 jussisti,

125 1100 195 1145 non
218 1078 263 1146 ad
285 1079 504 1163 supplicium,
516 1077 578 1142 sed
593 1078 716 1159 vitam;
737 1098 779 1142 ue
791 1079 1009 1143 conscientie
1026 1079 1148 1142 timore
1168 1076 1231 1161 dii·

126 1182 289 1264 fugerent,
312 1177 549 1264 graviterquel’
570 1177 805 1263 delinquerent,
825 1178 1087 1260 conservarique
1110 1179 1230 1259 iterum

126 1303 194 1350 nou
207 1288 418 1361 mererentur,
434 1283 464 1346 si
480 1282 606 1346 servati
621 1300 688 1345 non
700 1280 854 1346 fuissent.
896 1281 930 1344 3.
948 1279 1017 1345 Sed
1032 1280 1121 1345 unde
1137 1286 1244 1345 tanto

126 1387 296 1452 hominum
319 1405 456 1450 numero
479 1391 531 1450 tot
544 1385 691 1462 vincula,
706 1404 785 1468 quaa
807 1383 982 1448 continere
999 1383 1182 1461 militares,
1193 1389 1233 1459 ,et

126 1489 233 1572 paulo
256 1496 333 1552 ante
359 1494 506 1552 armatas
527 1505 647 1579 manus
667 1488 833 1570 possenti
878 1487 912 1551 4.
933 1486 1076 1568 Stupere
1092 1484 1232 1565 milites,

128 1591 188 1675 qui
209 1588 446 1674 perducendos
465 1594 695 1672 susceperant,
708 1588 926 1653 etcustodioe
941 1606 1055 1653 curam
1071 1589 1231 1664 abnuere,

127 1698 163 1758 et
185 1711 324 1777 prorsus
346 1691 486 1767 nescire,
510 1691 594 1775 quid
615 1690 788 1772 iacerent3
809 1691 876 1775 ipsi
897 1691 1012 1767 etiam,
1027 1690 1087 1771 qni
1109 1689 1177 1752 tibi
1198 1689 1232 1752 in

128 1795 272 1860 consilio
287 1803 392 1874 erant,
406 1795 481 1878 ipse
496 1796 600 1859 etiam
618 1795 798 1878 praeiectns
817 1793 963 1868 haerere;
985 1812 1062 1857 cum
1077 1799 1129 1870 tu,
1144 1791 1234 1869 divi·

126 1915 172 1961 no
193 1897 340 1962 monitus
365 1897 540 1974 instinctu,
554 1895 597 1960 de
620 1896 740 1978 gladiis
765 1903 899 1961 eorume
920 1895 1052 1976 gemina
1074 1894 1233 1958 manibus

127 2000 238 2082 aptari
260 2001 412 2066 claustra
432 2001 595 2086 jussisti·
616 2005 655 2063 ut
678 2004 848 2065 servarent
872 1997 1006 2062 deditos
1029 1996 1137 2079 gladii
1168 1996 1233 2072 sui,

127 2119 216 2185 quos
231 2122 297 2172 nou
313 2102 530 2193 defenderant
544 2116 779 2186 repugnantes.

170 2201 261 2270 Gar.
286 2221 360 2269 xil.
405 2205 436 2269 1.
458 2204 490 2269 0
513 2203 782 2288 pulcherrimum,
803 2206 837 2267 et
860 2203 921 2288 qui
945 2202 1097 2267 omnium
1120 2201 1233 2267 oculis

129 2305 253 2388 subjici
276 2305 458 2378 debuisset,
485 2306 687 2390 triumphum
712 2306 846 2370 virtutis
870 2310 906 2370 et
928 2305 1117 2370 clementiae
1143 2304 1233 2369 tum!

129 2407 227 2490 cujus
256 2408 342 2471 enim
372 2408 534 2491 potentiae
562 2408 637 2486 luit,
662 2408 817 2472 hostibus
846 2427 939 2471 arma
968 2406 1132 2489 deripere,
1157 2394 1233 2491 ejus

129 2509 356 2589 humanitatis
378 2509 507 2574 deditos
530 2510 573 2575 ad
597 2511 833 2595 impunitatem
858 2512 929 2575 suis
955 2510 1058 2574 armis
1082 2509 1234 2599 alligare,

129 2617 232 2696 atque
245 2613 294 2678 ita
309 2612 446 2689 vincire,
461 2620 501 2677 ut
516 2631 577 2677 eos
597 2612 674 2706 fervi
695 2613 801 2693 illius,
816 2613 905 2698 qnod
929 2617 1047 2678 contra
1065 2617 1100 2677 te
1120 2632 1233 2696 gesse·

128 2759 134 2837 s
161 2782 173 2806 ⁸
193 2775 301 2840 constari
312 2775 444 2826 sesemen
454 2779 511 2840 apto
521 2775 625 2838 geminis
635 2774 743 2825 mnibus
752 2775 891 2827 vinciendis.

130 3020 132 3025 .
162 2983 283 3034 (ltmxr.
317 2983 437 3034 llirln·
454 2999 534 3033 eoram
544 2984 699 3048 supplicibus.
721 2984 806 3034 Rivin.
818 2989 846 3035 et
856 2983 916 3035 edd.
934 2991 996 3034 ante
1008 2985 1088 3038 Grnt.
1101 2987 1234 3038 tiiidedis·

129 3054 199 3107 sert,-
227 3049 292 3098 Exc.
304 3049 385 3112 hang.
398 3049 620 3100 Ere-Schonhov.
631 3051 739 3112 Cuspio.
752 3050 831 3099 Grot.
848 3059 877 3100 et
895 3059 1007 3100 recenti.
1018 3051 1063 3100 titi
1073 3053 1235 3104 dedidissent:

129 3114 207 3162 etsie
226 3113 307 3162 voluit
324 3113 491 3162 Rhenum-2
510 3113 642 3163 Acidalius
654 3115 722 3177 conj.
740 3115 884 3178 moetasque
896 3116 1066 3179 delinquerem.
1101 3117 1234 3168 'Sicodd

129 3179 234 3228 adesset
252 3180 405 3238 auctoritas,
428 3178 588 3228 assentirer!
604 3179 690 3228 Arate.
716 3194 763 3228 noe
782 3181 978 3230 mereataevet.
999 3180 1112 3232 Putean.
1130 3191 1157 3233 et
1175 3183 1235 3234 edd.

128 3249 190 3292 ante
201 3241 319 3292 Rhenan.
337 3248 537 3292 commereamur
547 3243 862 3294 Vatic.·Esc.Schonhov.
873 3244 950 3295 Grnt.
959 3251 987 3294 et
997 3252 1157 3298 recensa-e
1168 3247 1234 3297 lidd.

130 3315 196 3357 vett.
214 3309 254 3371 qui
267 3309 445 3371 producendam·
471 3308 533 3356 Vet.
547 3309 630 3357 Livio.
641 3309 743 3358 Baetin.
754 3310 842 3358 Moerl.
861 3316 889 3358 et
904 3309 1002 3371 nger.
1013 3311 1055 3372 qui
1064 3313 1235 3374 perducendos.

129 3373 204 3435 Mox,
213 3386 271 3420 eura
281 3372 383 3421 adnuere
393 3373 455 3422 Vet.
467 3373 550 3422 Livio.
567 3373 613 3422 tili
627 3374 714 3422 omisit
727 3373 813 3423 Rivin.
829 3378 906 3434 motus
916 3375 1034 3424 instincta
1046 3376 1134 3425 Moerl.
1154 3376 1234 3426 ‘Vul-

129 3444 193 3502 geta
205 3438 305 3488 melior.
323 3436 365 3486 ef.
379 3438 486 3486 Eumen.
498 3452 545 3500 pro
558 3437 672 3487 Iustam.
684 3439 770 3487 schol.
784 3450 845 3488 xix.
856 3439 889 3486 a·
900 3440 988 3489 Amce.

129 3553 132 3559 ,
163 3497 292 3552 Οιι.ιιιι.
320 3501 464 3552 lPstarol.
476 3510 504 3551 et
515 3501 576 3550 edd.
589 3509 652 3551 vett.
670 3517 736 3552 ormo
755 3504 874 3566 diripera·
906 3503 986 3553 Grut.
998 3511 1025 3552 et
1043 3511 1234 3556 recentum

129 3567 245 3630 deripere.
278 3565 444 3616 vid-Heius.
463 3566 495 3615 ad
515 3566 593 3617 Ovid.
611 3567 678 3616 Met.
696 3580 740 3616 ιιι.
751 3572 797 3620 52.,
819 3567 985 3629 impunitatem
1001 3569 1040 3617 sai
1057 3569 1161 3631 elligere
1172 3571 1235 3620 Vct.

128 3632 241 3682 Poleam
254 3631 314 3679 Vet.
325 3630 411 3680 Livio.
429 3631 530 3680 Berlin.
550 3639 577 3680 et
590 3632 652 3680 Vct.
676 3633 708 3680 ad
720 3633 835 3696 pietatem
845 3632 882 3680 sui
892 3633 995 3693 alligare
1008 3634 1096 3682 lloerl.
1125 3635 1234 3686 ‘Lectio

129 3697 227 3746 nemini
239 3694 390 3759 probanda!
399 3697 493 3758 Jeeger.
525 3698 557 3744 od
567 3696 734 3760 impunitatem
746 3697 785 3745 sui
799 3696 873 3745 ermis
889 3697 991 3758 alligare
1004 3698 1068 3748 Exc.
1082 3699 1145 3747 Pnt.
1169 3701 1201 3748 ud
1216 3701 1234 3748 i.

128 3762 179 3812 eale
189 3761 271 3818 mmis,
282 3763 323 3825 qe.
334 3761 411 3810 Grut.
424 3761 508 3809 Banu.
519 3762 615 3812 Cellae.
628 3760 744 3811 Patarol.
756 3770 907 3826 ceteraque
920 3761 980 3811 edd.
1003 3768 1073 3827 alque
1083 3763 1158 3814 etium
1166 3764 1237 3814 Rhe·

536 3928 539 3934 .
626 3873 736 3926 NOTAE

164 3969 344 4034 ‘Aquileiam
367 3971 410 4020 De
433 3969 593 4034 Aquileiensi
618 3985 663 4022 ex·
698 3974 734 4023 lio
747 3974 843 4036 placet.

129 4046 289 4109 pugnatione
296 4046 355 4097 vlde
363 4061 442 4110 snpra
452 4047 551 4112 Paneg.
560 4062 663 4113 vncap.
699 4068 703 4073 ·
730 4057 742 4084 ι
758 4050 798 4099 De
812 4049 904 4111 gladiis
919 4047 1012 4111 eoram]
1025 4050 1145 4118 =Militum
1160 4065 1250 4103 enses,

132 4110 252 4172 alost.
318 4159 320 4163 .
698 4126 724 4176 in
742 4126 902 4178 vinculorum
922 4126 1031 4177 formam
1050 4125 1159 4178 condiri
1174 4129 1234 4193 ins.

162 4195 320 4265 toramen]
339 4197 380 4249 An
394 4198 508 4263 gracias?
524 4205 554 4251 ot
567 4199 662 4251 Acida-
696 4203 741 4252 eit.
857 4226 860 4234 ι
1021 4223 1024 4227 ·
1193 4225 1199 4234 ·
