2730 4726
131 301 219 370 luas
459 317 620 368 rncnsrr
646 317 923 371 senseramus

130 467 302 533 radicibus
317 463 511 545 coalescat,³'
526 473 662 552 tamque
676 467 722 532 sit
736 467 925 533 immortale
936 466 1032 531 illius
1046 467 1242 551 imperium,

131 587 235 653 quam
253 569 456 652 sempiterna
476 569 616 633 soboles
632 570 886 654 Imperatorum.
928 569 962 633 8.
984 569 1076 635 Haeo
1090 577 1143 635 est
1158 592 1242 636 vera

130 672 253 756 pietas
269 672 343 735 baec
363 670 524 754 voluptas
541 667 788 736 conservandi¹¹
811 671 941 753 generis
960 671 1105 747 bomani,
1122 691 1241 737 exeni-

129 772 224 856 plum
240 773 319 840 dare
334 773 488 855 gentibus
501 772 545 836 ad
561 774 773 838 matrimonia
787 773 971 837 studiosius
985 775 1191 857 expetenda,
1204 783 1240 840 et

128 875 257 940 liberos
280 873 486 952 educandos,
506 882 544 941 ut
565 875 811 941 substituendis
829 877 1106 941 successionibus
1127 876 1238 960 singn-

129 976 236 1041 lomm
256 976 340 1041 nibil
359 977 462 1054 obsit,
484 995 758 1062 unumquemque
776 998 854 1042 esse
874 978 1060 1056 mortalem,
1075 998 1153 1042 cum
1175 979 1239 1045 im·
1269 1055 1273 1061 ‚

129 1078 282 1143 mortalis
295 1076 357 1142 sit¹
377 1077 528 1142 omnium
544 1080 742 1162 posteritate
755 1080 962 1163 respublica.
1004 1081 1038 1145 4.
1062 1078 1192 1160 Quare,
1209 1083 1240 1146 si

126 1180 221 1262 leges
240 1181 305 1260 hae,
320 1200 397 1265 quae
417 1181 542 1246 mulcta
564 1181 703 1246 coelibes
724 1189 958 1260 notaverunt,¹¹¹
977 1189 1134 1265 parentes
1151 1203 1238 1266 prae·

128 1283 207 1348 miis
221 1284 433 1362 honorarunt,
446 1303 524 1349 vere
539 1283 696 1349 dicuntur
706 1303 781 1348 esse
793 1284 1011 1350 fundamenta
1023 1285 1244 1367 reipublicae,-

128 1385 210 1468 quia
223 1387 434 1450 seminarium
444 1385 643 1470 juventutis,
654 1392 688 1450 et
702 1386 809 1469 qnasi,
818 1387 946 1451 iontem
962 1386 1099 1452 humani
1115 1407 1237 1471 corpo·

127 1487 174 1550 ris
198 1506 332 1572 semper
359 1487 523 1552 Romanis
546 1488 755 1553 exercitibus
780 1488 1020 1567 ministrarunt,
1043 1490 1136 1572 quod
1158 1491 1238 1556 buic

128 1595 241 1654 restro
267 1590 302 1653 in
328 1591 572 1674 rempublicam
598 1591 719 1655 merito
743 1609 926 1674 possumus
950 1591 1088 1673 dignum
1113 1611 1237 1657 nomen

128 1690 322 1755 ascriberet
353 1693 384 1755 5.
407 1693 467 1776 qni
489 1713 553 1757 non
578 1694 711 1776 plebeia
730 1694 891 1776 germina,
905 1692 964 1756 sed
984 1694 1237 1776 imperatoriam

129 1791 269 1876 stirpem
288 1793 487 1875 reipublicae
511 1795 719 1879 propagatis,
739 1802 790 1871 nt,
813 1793 902 1879 quod
924 1795 1102 1861 millesimo
1125 1805 1236 1862 arrno¹¹

589 1955 771 1980 mannen

49 2087 58 2094 -
127 2052 378 2107 Potesnetltloerl.
403 2059 552 2119 prorogando
567 2059 591 2108 le
611 2056 954 2119 iturineddantelager.
980 2054 1104 2104 radicitus
1118 2057 1236 2106 coardea-

126 2123 165 2166 eat
179 2118 238 2169 Vet.
247 2121 331 2170 Lirin.
344 2122 444 2172 Bertin.
456 2123 542 2172 Moerl.
554 2132 581 2173 et
592 2073 754 2187 ilnetpb-t
773 2122 827 2171 Pro
833 2123 951 2185 teleptae,
961 2118 1065 2171 Acidui.
1075 2121 1146 2183 conj.
1154 2123 1238 2170 ootsrrs·¹

127 2186 173 2232 tas.
191 2184 242 2233 ‘ln
254 2186 297 2235 ed.
309 2187 358 2237 Rb.
371 2187 427 2237 niv.
439 2196 466 2237 et
479 2190 526 2238 Ste
563 2190 689 2254 degitur,
700 2188 775 2239 mist.
790 2201 890 2236 uecess-
909 2187 974 2248 sisp.
989 2186 1051 2236 sibit
1061 2185 1122 2234 obsit
1134 2188 1238 2238 omuisru

126 2250 267 2310 posteritate
283 2265 322 2300 res
338 2251 441 2314 publica.
469 2252 517 2303 Aci
539 2255 603 2304 alius
621 2251 832 2315 emendabimini
850 2250 912 2301 absit
929 2251 1033 2300 omnium
1045 2251 1188 2313 posteritate
1200 2251 1238 2299 rei

124 2312 227 2375 palma
234 2331 245 2373 ,·
255 2316 325 2380 quod
334 2317 402 2367 bunc
411 2319 438 2366 iu
450 2319 553 2367 modum
566 2319 681 2382 explieat
693 2335 699 2366 ε
719 2320 786 2368 Dum
798 2317 893 2380 singull
904 2316 955 2365 sibi
965 2329 1130 2365 suoeemorea
1143 2316 1238 2366 subati-

130 2385 217 2435 tuunt,
238 2389 381 2443 propagata
397 2384 509 2432 omnium
528 2385 692 2448 posteritate,
710 2384 783 2445 nibil,
800 2385 849 2432 etsi
864 2381 915 2446 ipsi
928 2380 1071 2444 decedunt,
1080 2380 1187 2430 decedit
1199 2381 1237 2430 rei

128 2442 250 2504 publicar,
262 2447 308 2494 sed
320 2446 375 2496 baec
387 2448 457 2496 velut
467 2449 571 2512 integra
583 2457 661 2512 utque
673 2450 764 2499 eadem
777 2461 880 2511 semper
890 2456 940 2496 est.
973 2445 1024 2495 sed
1039 2447 1064 2493 iu
1080 2447 1140 2495 cod.
1153 2445 1237 2495 Lirin.

128 2507 204 2558 Bert.
214 2510 318 2560 schedis
331 2513 409 2576 brug.
421 2513 501 2577 Cusp.
513 2523 563 2576 est,
573 2516 634 2564 sibit
650 2515 721 2576 obsit,
735 2527 919 2575 soanasmqre
929 2525 978 2560 esse
988 2512 1119 2572 nectutem,
1130 2525 1184 2559 cum
1194 2512 1239 2560 iss·

127 2574 236 2622 mortalis
244 2577 277 2625 ss’t
286 2577 391 2627 omnium
401 2580 541 2640 posteritate
550 2594 590 2630 res
598 2579 700 2644 publica.
733 2578 848 2628 Eandem
860 2577 997 2626 lectionem
1010 2576 1089 2625 etiam
1102 2575 1235 2625 Schonbn·

128 2639 187 2687 rius
200 2640 225 2687 iu
237 2643 353 2704 margine
363 2642 427 2693 ecit.
440 2645 551 2694 Froben.
564 2646 694 2708 ascripsit.
721 2644 783 2692 ver.
795 2643 857 2692 Put.
866 2640 937 2692 ouo.
945 2649 972 2690 et
980 2641 1065 2691 bloert.
1076 2655 1126 2704 pro
1134 2642 1238 2689 omnium

127 2705 267 2767 posteritate
279 2708 386 2758 exbibet
396 2710 459 2757 omui
467 2713 622 2773 posteritate:
634 2709 702 2774 qrrod
714 2711 791 2757 etiarn
805 2709 831 2757 in
843 2707 959 2771 margine
970 2706 1013 2754 ed.
1022 2707 1104 2755 Rbeu.
1112 2705 1238 2769 etStepb.

129 2777 159 2818 ut
172 2772 272 2820 varians
284 2773 363 2823 lectio
374 2776 515 2838 reperitur.
548 2775 705 2834 Pleniorem,
716 2774 865 2833 certiorem,
877 2774 1060 2835 melioremque
1072 2771 1139 2820 adeo
1152 2785 1239 2820 emen·

129 2834 236 2885 datione
256 2837 369 2887 Acidalii
389 2847 504 2889 nostram
521 2855 578 2890 esse
594 2840 741 2895 lectionem,
758 2838 833 2887 facile
850 2838 930 2887 cuivis
943 2845 1024 2900 putet.
1051 2836 1122 2886 lilud
1135 2837 1239 2886 omnium

130 2906 192 2949 ante
205 2915 293 2951 vocem
309 2905 461 2966 posteritate,
473 2906 604 2967 omissum,
622 2906 710 2956 nescio
723 2919 778 2969 ,qua
790 2905 822 2953 de
834 2917 913 2953 causa
925 2905 965 2951 vet
977 2917 1029 2966 quta
1041 2902 1210 2965 auctoritate,
1222 2915 1238 2950 a

128 2964 328 3023 Parisiensibus‚
352 2969 475 3019 Putarolo
497 2978 526 3020 et
548 2971 668 3033 cellario,
687 2969 860 3019 revocandum
881 2967 961 3017 duxi)
980 2967 1076 3027 «loger.
1109 2966 1197 3016 ‘Inde
1219 2982 1235 3016 a

131 3029 244 3080 Grutero
256 3032 354 3081 editum
367 3042 416 3092 est,
428 3050 613 3100 unumquemque
624 3049 673 3085 esre
688 3037 819 3098 menatem,
837 3049 891 3082 eum
902 3031 1043 3082 immortalis
1053 3032 1086 3080 sit
1097 3032 1239 3093 posteritate

128 3095 276 3157 respublica5
296 3105 393 3159 prater
417 3099 504 3149 Ririn.
523 3101 567 3164 qul
584 3101 717 3164 antiquam
734 3100 842 3150 retinnit
862 3097 1012 3148 lectionem.
1039 3096 1139 3160 Jeger.
1155 3096 1238 3146 habet

129 3158 233 3209 ennium
241 3163 390 3226 posteritate,
403 3164 469 3226 quod
483 3165 587 3222 retinui,
603 3165 719 3229 qrrumsis
731 3165 845 3215 nondum
857 3163 917 3214 mibi
929 3164 1001 3212 locros
1014 3160 1135 3211 videntur
1147 3176 1238 3224 persa·

129 3232 217 3286 nutas,
227 3226 274 3276 uisi
285 3228 396 3292 legatur,
407 3231 472 3279 omui
482 3228 508 3279 iu
518 3231 671 3293 posteritate:
683 3229 711 3279 rb
722 3230 748 3280 iu
759 3230 944 3292 anctoritatem
955 3226 1031 3276 babet
1048 3241 1081 3275 ex
1092 3226 1198 3276 Bertin.
1208 3233 1238 3277 et

131 3288 270 3352 adjuvatur
287 3293 312 3342 iu
331 3292 407 3343 codd.
426 3296 453 3344 in
474 3295 566 3358 quibus
585 3303 627 3345 est
643 3294 724 3345 omui!
742 3296 881 3345 Arnon-a
900 3294 981 3350 Quare
996 3292 1017 3339 si
1034 3292 1052 3342 t.
1071 3307 1105 3342 ea
1122 3291 1238 3356 (tuerpn.

129 3353 228 3404 humaui
239 3356 330 3407 roboris
341 3359 467 3409 Grau-5
486 3360 494 3387 ‘
506 3361 585 3424 Cusp.
597 3368 624 3412 et
636 3360 728 3424 Stepb.
743 3376 790 3409 sors
799 3359 890 3424 plebeia
898 3359 1019 3422 germina,
1032 3358 1074 3404 sed
1084 3357 1240 3419 imperatoria

129 3419 214 3485 stirpe,
229 3424 270 3484 &a
297 3424 385 3474 Moerl.
396 3439 455 3475 curn
471 3424 540 3474 Gord.
551 3442 597 3476 uon
613 3425 705 3492 plebeia
715 3426 834 3488 germina,
845 3427 887 3475 sea
900 3422 1077 3486 imperatoriam
1091 3422 1191 3486 stirpem
1202 3421 1239 3471 ret

626 3570 734 3622 NOTAE

160 3664 169 3710 1
189 3666 324 3732 Coaleseot]
339 3669 413 3720 Infra
427 3683 486 3733 cup.
498 3685 564 3721 xrrr.
579 3672 662 3722 ‘Per·
702 3672 785 3721 mines
807 3670 865 3719 aliis
888 3667 1042 3726 succedunt,
1069 3664 1120 3715 etsi
1143 3665 1237 3729 singuli

130 3743 218 3806 petuis
235 3742 354 3807 profecto
371 3744 484 3795 affinitas
500 3747 551 3797 ista
562 3749 659 3797 coales-
702 3746 824 3796 mortales
837 3746 898 3802 sint,
916 3743 948 3792 tit
966 3750 1054 3793 tamen
1071 3748 1100 3789 ut
1113 3743 1187 3791 velut
1198 3744 1238 3793 in·

130 3829 173 3870 cet
185 3821 387 3888 stirpibus,quae
398 3837 502 3886 semper
512 3839 624 3874 summos
633 3825 661 3874 in
702 3828 778 3887 tegra
796 3829 874 3886 atque
894 3819 986 3869 endem
1005 3831 1109 3880 semper
1126 3819 1159 3867 sit
1182 3832 1237 3867 res·

130 3897 267 3961 republica
280 3900 348 3950 viros
360 3899 392 3949 ad
404 3899 570 3950 concordium
580 3916 661 3965 copu-
702 3899 818 3963 publica,
830 3898 905 3949 etsie
917 3902 1063 3962 propagata
1079 3894 1237 3955 posteritate

130 3973 213 4023 lavit!
701 3975 947 4028 relutimmortalis.

164 4047 175 4082 ¹⁸
196 4049 308 4114 Voluptas
319 4053 482 4117 massmanni]
496 4053 591 4103 Melius
601 4053 661 4105 Aei-
733 4062 752 4088 ¹¹¹
769 4056 861 4104 Mateta
881 4051 974 4102 coelibes
992 4050 1150 4114 tutaverunt]
1167 4048 1238 4100 Vide

132 4124 214 4173 dalius
227 4127 343 4178 noluntas.
704 4132 782 4182 Plinii
793 4133 893 4194 Paneg.
907 4144 965 4191 cap.
978 4140 1058 4177 xxvi·
1072 4133 1125 4175 not.
1135 4125 1151 4174 ¹.

166 4198 172 4232 ¹
189 4201 248 4250 Cam
259 4203 401 4256 immortalis
412 4207 455 4272 sit]
472 4208 540 4257 Dum
560 4206 603 4256 ulii
618 4207 661 4256 bo·
734 4217 747 4243 ¹²
765 4205 979 4270 illitterimounuo]
997 4203 1051 4253 Sub
1063 4201 1163 4252 dnobus
1174 4202 1235 4252 Plri-
