2730 4726
203 309 291 374 leli)
444 321 666 374 urerentur
690 320 921 373 suerranum
947 322 1059 372 acrio

204 467 365 551 capillum
380 472 544 540 oneraret,
567 466 748 544 borroreru,
767 467 927 533 micantia
946 467 1087 535 sidereis
1105 469 1243 550 ignibus
1260 469 1308 534 lu·

204 571 320 637 minae
361 570 396 635 5.
417 568 534 636 Voces
549 568 765 651 gaudentium
787 577 1001 653 oppresserat
1015 570 1170 637 miraculi
1184 573 1310 654 magni·

204 671 302 740 tude.
345 670 535 738 Cessabant
547 670 660 761 officia
673 670 835 739 laudandi
849 673 926 757 plus
937 691 1041 758 quam
1050 672 1227 739 laudanda
1240 695 1309 740 cer·

204 776 376 840 uentibus.

248 876 339 942 Gur.
357 893 426 940 ιιι.
470 877 502 940 1.
524 873 686 942 Sufficere
701 877 835 961 quidem
847 882 985 961 poterat
997 876 1041 943 ad
1056 875 1308 960 expeditionem

205 973 424 1064 praesentium
447 981 654 1060 negotiorum
678 980 752 1044 sola
777 981 983 1065 properatio,
1009 979 1070 1045 sed
1095 1000 1165 1045 uon
1186 981 1310 1047 sufficit

205 1082 357 1165 Principi
374 1088 502 1159 nostre,
517 1082 712 1164 reipublicae
726 1102 795 1147 una
812 1084 941 1149 ratione
964 1083 1152 1149 consulere.
1198 1083 1308 1151 Multa

205 1186 331 1269 pariter
347 1182 535 1267 aggreditur
550 1191 670 1268 peetus
683 1185 784 1251 nullis
804 1180 976 1268 uuquamf
996 1184 1176 1251 laboribus
1190 1185 1307 1270 latiga-¹

204 1301 289 1352 tum.
334 1285 384 1352 Ut
398 1307 465 1351 uno
480 1287 664 1372 eodemque
679 1294 829 1373 tempore
845 1294 881 1353 et
893 1296 1114 1371 componeret
1127 1289 1307 1357 fidissima·

205 1411 277 1456 rum
303 1390 551 1474 provinciarum
575 1397 711 1467 statum,
728 1397 763 1456 et
783 1392 976 1458 barbariam
997 1410 1145 1468 omnem,
1171 1391 1309 1459 admeto

203 1494 346 1579 propius
361 1500 496 1571 terrore,
513 1494 715 1577 percelleret,
737 1494 931 1576 longissimo
954 1512 1055 1558 cursu
1084 1493 1213 1561 Istrum
1238 1496 1310 1578 pla-

205 1596 278 1661 cuit
292 1594 455 1676 navigari.
498 1594 529 1659 2.
554 1596 622 1661 Pro
640 1603 760 1663 sancta
783 1596 1001 1663 Divinitastr
1022 1616 1102 1682 quae
1124 1597 1308 1680 navigatio·

204 1698 257 1763 nis
273 1697 365 1762 illius
379 1697 443 1762 luit
457 1715 597 1782 pompa,
621 1717 697 1763 cum
720 1698 937 1765 dexteriorem
958 1699 1076 1784 inclyti
1095 1700 1248 1767 fluminis
1268 1702 1310 1766 ri·

203 1822 281 1885 pam
298 1801 475 1885 utriusque
492 1821 607 1878 sexus,
631 1803 778 1868 omnium
797 1801 962 1879 ordinum,
983 1810 1190 1869 armatorum
1207 1810 1308 1887 atque

202 1904 374 1969 inermium
393 1913 580 1988 perpetuus
601 1905 683 1971 ordo
705 1912 934 1988 praetaxatam
945 1900 1178 1989 'despiceretur
1193 1907 1238 1972 ad
1252 1907 1308 1974 la·

202 2027 281 2072 ram
294 2008 328 2072 in
345 2007 557 2074 miserabiles
571 2029 692 2093 preces
708 2028 792 2090 genu
806 2009 888 2083 nixa
898 2000 1093 2075 barbariei
1124 2009 1158 2075 3.
1183 2008 1310 2078 Omnes

204 2112 313 2187 urbes,
329 2131 406 2195 quae
422 2111 613 2176 Danubium
629 2111 789 2188 incolunt,
809 2111 925 2189 aditae,
941 2111 1092 2175 emnium
1113 2110 1237 2176 audita
1252 2110 1308 2177 de'·

203 2221 310 2290 creta,
325 2213 429 2279 levati
443 2219 567 2290 status,
589 2214 855 2298 instaurataeque
872 2213 1040 2292 fortunae!
1057 2212 1307 2284 innumerabili·

203 2313 269 2377 bus
285 2312 460 2378 barbaris*1
475 2315 555 2380 deta
569 2317 678 2393 venia,
700 2321 733 2378 et
752 2335 869 2379 munus
893 2316 993 2401 pacis
1014 2316 1192 2383 indultum.
1237 2317 1308 2398 Qui

204 2417 477 2500 properationem
502 2417 596 2481 illam
620 2417 909 2501 contemplabitur,
935 2418 1016 2482 nibil
1041 2419 1162 2501 egisse,
1189 2428 1307 2503 praeter

203 2519 306 2598 viam,
323 2519 566 2603 Imperatorem
581 2521 735 2604 putabit;
758 2521 816 2603 qui
832 2529 1000 2602 gestarum
1025 2541 1136 2586 rerum
1158 2524 1308 2588 multitu·

203 2622 315 2688 dinem
331 2622 567 2698 considerabit,
583 2643 782 2708 properasse
797 2645 863 2688 uon
880 2625 1002 2691 credet.

231 2817 247 2916 2
263 2811 327 2925 fimi
335 2808 408 2858 bardo
418 2813 442 2859 et
453 2809 554 2874 capillus
561 2809 680 2871 eqeulmt
688 2811 795 2874 puluere,
804 2816 828 2860 et
838 2811 901 2860 eceli
910 2807 1251 2875 eoekmifleaoaofutgereut.

288 2891 316 2924 ec
327 2890 349 2923 ιι
357 2889 420 2938 oper.

664 2968 844 2990 oneemoue

200 3069 368 3129 renuerimus
383 3069 468 3118 Moeri.
482 3068 594 3130 Guelpb.
613 3070 676 3118 Vet.
698 3069 812 3121 Putean.
828 3071 890 3120 Vet.
909 3070 993 3119 Lirin.
1009 3068 1118 3130 cuspin.
1143 3069 1263 3119 crebriore
1276 3072 1309 3120 P.

200 3134 293 3196 steph.
305 3143 332 3182 et
346 3134 379 3183 al.
393 3142 456 3182 vett.
479 3141 589 3183 oneraret
601 3134 661 3185 edd
675 3141 736 3184 ante
754 3135 845 3186 Arate.
873 3142 982 3185 oneraret
994 3135 1057 3184 Vet.
1069 3136 1181 3184 Putean.
1206 3137 1307 3185 ‘Ellam

202 3200 315 3262 Guelpb.
327 3200 397 3263 qnod
410 3199 681 3263 elegantirrs,ideeque
694 3200 814 3250 restitui.
831 3200 918 3251 Arate

235 3264 301 3312 Car.
322 3279 372 3314 ιιι.
401 3265 590 3380 ldugteeretq
576 3266 670 3328 quidem
691 3266 751 3315 edd.
774 3273 837 3315 vett.
865 3267 939 3332 duffio
939 3279 979 3314 ere
1000 3263 1095 3327 quidem
1114 3264 1177 3314 Vct.
1197 3265 1308 3314 Prrteen.

201 3329 304 3378 Berlin.
318 3330 402 3380 Mmrl.
419 3329 461 3379 (iu
504 3331 568 3379 Erre.
582 3330 728 3380 Sclmubev
741 3269 939 3393 &Cuspide-8
954 3330 1068 3391 Guelpb.
1079 3331 1140 3378 cdl.
1150 3329 1307 3379 imniserudr'·

201 3395 291 3444 lea-3
317 3394 454 3443 Danubium
472 3397 551 3444 colunt
571 3396 638 3459 conj
662 3397 746 3446 Lirin.
773 3398 807 3446 D.
829 3397 937 3445 accolunt
960 3395 1062 3443 Acidal.
1090 3395 1182 3443 uuditoe
1203 3395 1308 3444 Puteal.

202 3459 319 3508 Rhenan.
342 3459 376 3507 H.
397 3461 488 3521 Stepb
515 3461 597 3511 Lirin.
616 3461 701 3512 Riviu.
727 3463 801 3511 uditoe
817 3462 879 3510 Vet.
898 3462 1011 3510 Puteum.
1029 3461 1087 3508 Vet.
1103 3460 1189 3511 Lirin.
1206 3462 1306 3510 Berlin.

201 3525 266 3576 Ere.
285 3525 365 3586 Lang·
382 3524 487 3585 Cuspio.
501 3526 533 3574 P.
548 3526 640 3588 steph.
656 3533 683 3576 et
700 3535 811 3577 reeenrt.
837 3528 1050 3588 instaurataeque
1063 3524 1179 3588 Guelpb.
1206 3526 1307 3579 ribilla-

199 3591 264 3654 3iase
276 3591 335 3639 edd.
347 3597 407 3638 aute
420 3590 536 3640 Petarol.

697 3673 805 3724 NOTAE

232 3767 242 3803 f
257 3769 339 3819 Nullis
355 3766 469 3832 unquam]
485 3768 617 3819 ,lulianum
636 3771 733 3820 laboris
775 3773 855 3820 rucei
867 3771 961 3834 iuquit,
972 3784 1020 3818 are
1032 3767 1124 3818 consul
1135 3771 1309 3832 amplissime:

201 3847 287 3896 bellici
305 3846 521 3908 patientissimum
539 3844 618 3895 irrisae
635 3854 732 3897 terrae·
805 3847 817 3881 ¹¹
836 3847 1052 3897 innumerabilibus
1073 3845 1197 3910 barbarie]
1233 3849 1308 3898 Forte

201 3933 244 3974 tor
259 3925 314 3985 ejrrs
326 3925 386 3972 ritae
397 3924 548 3986 scriptores,
560 3924 732 3989 inprimisque
774 3925 873 3977 Quadis
893 3931 921 3973 et
939 3923 1093 3983 baronibus,
1107 3937 1171 3986 quos
1190 3924 1307 3975 Julianus

202 4002 363 4051 Ammianus.
773 4000 947 4051 Chariettouir
954 4000 1088 4063 cujusdam
1098 4000 1241 4066 transfugae
1248 4018 1310 4066 ope.

233 4087 245 4122 r
263 4079 312 4127 Pro
328 4083 409 4126 marta
420 4076 557 4140 Diripitur]
580 4075 656 4127 Infra
675 4094 733 4142 cap.
773 4093 803 4126 ra
813 4079 921 4139 delerit,
929 4085 957 4126 et
969 4091 1000 4126 ea
1009 4076 1159 4127 conditione
1171 4080 1203 4128 ad
1217 4096 1307 4142 pacem

201 4166 305 4204 xxvrrr.
321 4154 400 4202 ‘Illic
423 4168 471 4216 pro
489 4160 579 4204 sanctu
595 4154 732 4205 divinitae!
773 4155 886 4217 admisit,
904 4163 933 4203 ut
953 4168 1083 4219 uunquam
1101 4164 1197 4207 contra
1213 4157 1308 4209 Roma·

201 4230 376 4295 gaudentibus
392 4229 509 4293 cunctim
529 4246 580 4296 qno
597 4232 661 4282 orei
681 4249 734 4299 qua
774 4247 821 4282 nos
833 4229 1022 4282 armaferrent.
