<?xml version="1.0" encoding="UTF-8"?>
<!DOCTYPE html PUBLIC "-//W3C//DTD XHTML 1.0 Transitional//EN"
    "http://www.w3.org/TR/xhtml1/DTD/xhtml1-transitional.dtd">
<html xmlns="http://www.w3.org/1999/xhtml" xml:lang="en" lang="en">
 <head>
  <title>
</title>
<meta http-equiv="Content-Type" content="text/html;charset=utf-8" />
  <meta name='ocr-system' content='tesseract 3.04.00' />
  <meta name='ocr-capabilities' content='ocr_page ocr_carea ocr_par ocr_line ocrx_word'/>
</head>
<body>
  <div class='ocr_page' id='page_1' title='image "./panegyriciveter01baungoog_0148.png"; bbox 0 0 2730 4726; ppageno 0'>
   <div class='ocr_carea' id='block_1_1' title="bbox 437 849 871 959">
    <p class='ocr_par' dir='ltr' id='par_1_1' title="bbox 437 849 871 959">
     <span class='ocr_line' id='line_1_1' title="bbox 437 849 871 959; baseline 0.007 -3"><span class='ocrx_word' id='word_1_1' title='bbox 437 892 438 895; x_wconf 53' lang='lat'>‘</span> <span class='ocrx_word' id='word_1_2' title='bbox 499 849 794 959; x_wconf 90' lang='lat' dir='ltr'><strong>EUMEN</strong></span> <span class='ocrx_word' id='word_1_3' title='bbox 809 855 871 959; x_wconf 93' lang='grc' dir='ltr'>ΙΙ</span> 
     </span>
    </p>
   </div>
   <div class='ocr_carea' id='block_1_2' title="bbox 127 1152 1233 1272">
    <p class='ocr_par' dir='ltr' id='par_1_2' title="bbox 127 1152 1233 1272">
     <span class='ocr_line' id='line_1_2' title="bbox 127 1152 1233 1272; baseline 0.005 -5"><span class='ocrx_word' id='word_1_4' title='bbox 127 1188 246 1267; x_wconf 79' lang='lat' dir='ltr'>nno</span> <span class='ocrx_word' id='word_1_5' title='bbox 281 1153 688 1266; x_wconf 77' lang='lat' dir='ltr'>insuaunnnnrs</span> <span class='ocrx_word' id='word_1_6' title='bbox 732 1189 961 1268; x_wconf 78' lang='lat' dir='ltr'>sunonis</span> <span class='ocrx_word' id='word_1_7' title='bbox 1002 1152 1233 1272; x_wconf 76' lang='grc' dir='ltr'>οιιιιιο.</span> 
     </span>
    </p>
   </div>
   <div class='ocr_carea' id='block_1_3' title="bbox 455 1767 914 1827">
    <p class='ocr_par' dir='ltr' id='par_1_3' title="bbox 455 1767 914 1827">
     <span class='ocr_line' id='line_1_3' title="bbox 455 1767 914 1827; baseline 0.009 -4"><span class='ocrx_word' id='word_1_8' title='bbox 455 1773 638 1825; x_wconf 83' lang='lat' dir='ltr'>SYNOPSIS</span> <span class='ocrx_word' id='word_1_9' title='bbox 663 1767 914 1827; x_wconf 80' lang='lat' dir='ltr'>PANEGYRlGl.</span> 
     </span>
    </p>
   </div>
   <div class='ocr_carea' id='block_1_4' title="bbox 126 1904 1236 4235">
    <p class='ocr_par' dir='ltr' id='par_1_4' title="bbox 126 1904 1234 2040">
     <span class='ocr_line' id='line_1_4' title="bbox 126 1904 1234 1983; baseline 0.005 -20"><span class='ocrx_word' id='word_1_10' title='bbox 126 1910 162 1982; x_wconf 77' lang='lat' dir='ltr'>ln</span> <span class='ocrx_word' id='word_1_11' title='bbox 173 1904 290 1959; x_wconf 81' lang='lat' dir='ltr'>Exordio</span> <span class='ocrx_word' id='word_1_12' title='bbox 299 1906 362 1960; x_wconf 86' lang='lat' dir='ltr'>dicit</span> <span class='ocrx_word' id='word_1_13' title='bbox 372 1917 495 1983; x_wconf 78' lang='lat' dir='ltr'>quantum</span> <span class='ocrx_word' id='word_1_14' title='bbox 507 1910 663 1962; x_wconf 81' lang='lat' dir='ltr'>albinetum</span> <span class='ocrx_word' id='word_1_15' title='bbox 675 1910 753 1962; x_wconf 81' lang='lat' dir='ltr'>affert</span> <span class='ocrx_word' id='word_1_16' title='bbox 764 1912 814 1963; x_wconf 90' lang='lat' dir='ltr'>loci</span> <span class='ocrx_word' id='word_1_17' title='bbox 827 1912 974 1976; x_wconf 88' lang='lat' dir='ltr'>insolentia,</span> <span class='ocrx_word' id='word_1_18' title='bbox 982 1920 1080 1962; x_wconf 86' lang='lat' dir='ltr'>tantum</span> <span class='ocrx_word' id='word_1_19' title='bbox 1091 1927 1119 1964; x_wconf 91' lang='lat' dir='ltr'>se</span> <span class='ocrx_word' id='word_1_20' title='bbox 1128 1911 1234 1980; x_wconf 80' lang='lat' dir='ltr'>dicendi</span> 
     </span>
     <span class='ocr_line' id='line_1_5' title="bbox 160 1991 378 2041; baseline 0 -2"><span class='ocrx_word' id='word_1_21' title='bbox 160 2005 241 2040; x_wconf 88' lang='lat' dir='ltr'>causa</span> <span class='ocrx_word' id='word_1_22' title='bbox 253 1991 378 2041; x_wconf 88' lang='lat' dir='ltr'>recreari.</span> 
     </span>
    </p>

    <p class='ocr_par' dir='ltr' id='par_1_5' title="bbox 128 2070 1233 2219">
     <span class='ocr_line' id='line_1_6' title="bbox 128 2070 1233 2170; baseline 0.001 -47"><span class='ocrx_word' id='word_1_23' title='bbox 128 2070 963 2136; x_wconf 78' lang='lat' dir='ltr'>Drsnnraurro:1.Augustudunischolaressernstaurandas</span> <span class='ocrx_word' id='word_1_24' title='bbox 998 2073 1233 2170; x_wconf 66' lang='lat' dir='ltr'>intimatione</span> 
     </span>
     <span class='ocr_line' id='line_1_7' title="bbox 133 2151 770 2219; baseline 0.007 -18.18"><span class='ocrx_word' id='word_1_25' title='bbox 133 2153 187 2207; x_wconf 91' lang='lat' dir='ltr'>id</span> <span class='ocrx_word' id='word_1_26' title='bbox 201 2153 284 2214; x_wconf 79' lang='lat' dir='ltr'>possit</span> <span class='ocrx_word' id='word_1_27' title='bbox 295 2151 352 2201; x_wconf 84' lang='lat' dir='ltr'>sine</span> <span class='ocrx_word' id='word_1_28' title='bbox 363 2159 448 2202; x_wconf 83' lang='lat' dir='ltr'>sumtu</span> <span class='ocrx_word' id='word_1_29' title='bbox 461 2155 566 2216; x_wconf 87' lang='lat' dir='ltr'>publico</span> <span class='ocrx_word' id='word_1_30' title='bbox 576 2153 644 2218; x_wconf 85' lang='lat' dir='ltr'>fieri,</span> <span class='ocrx_word' id='word_1_31' title='bbox 653 2169 713 2219; x_wconf 83' lang='lat' dir='ltr'>cap.</span> <span class='ocrx_word' id='word_1_32' title='bbox 725 2168 770 2205; x_wconf 85' lang='grc' dir='ltr'>ιιι</span> 
     </span>
    </p>

    <p class='ocr_par' dir='ltr' id='par_1_6' title="bbox 127 2231 1236 3104">
     <span class='ocr_line' id='line_1_8' title="bbox 127 2231 1234 2299; baseline 0.004 -19"><span class='ocrx_word' id='word_1_33' title='bbox 127 2231 151 2280; x_wconf 90' lang='lat'>1.</span> <span class='ocrx_word' id='word_1_34' title='bbox 172 2232 259 2282; x_wconf 82' lang='lat' dir='ltr'>Pane.</span> <span class='ocrx_word' id='word_1_35' title='bbox 268 2231 393 2287; x_wconf 78' lang='lat' dir='ltr'>Mentem</span> <span class='ocrx_word' id='word_1_36' title='bbox 411 2233 600 2298; x_wconf 74' lang='lat' dir='ltr'>Imperatorum</span> <span class='ocrx_word' id='word_1_37' title='bbox 618 2243 645 2285; x_wconf 92' lang='lat' dir='ltr'>et</span> <span class='ocrx_word' id='word_1_38' title='bbox 658 2236 788 2286; x_wconf 74' lang='lat' dir='ltr'>cesarum</span> <span class='ocrx_word' id='word_1_39' title='bbox 807 2248 874 2295; x_wconf 85' lang='lat' dir='ltr'>esse,</span> <span class='ocrx_word' id='word_1_40' title='bbox 890 2242 920 2285; x_wconf 94' lang='lat' dir='ltr'>ut</span> <span class='ocrx_word' id='word_1_41' title='bbox 936 2250 987 2284; x_wconf 88' lang='lat' dir='ltr'>non</span> <span class='ocrx_word' id='word_1_42' title='bbox 1000 2237 1096 2299; x_wconf 89' lang='lat' dir='ltr'>templa</span> <span class='ocrx_word' id='word_1_43' title='bbox 1112 2233 1188 2284; x_wconf 90' lang='lat' dir='ltr'>modo</span> <span class='ocrx_word' id='word_1_44' title='bbox 1203 2241 1234 2284; x_wconf 84' lang='lat' dir='ltr'>et</span> 
     </span>
     <span class='ocr_line' id='line_1_9' title="bbox 162 2312 1232 2380; baseline 0.003 -20"><span class='ocrx_word' id='word_1_45' title='bbox 162 2312 268 2376; x_wconf 86' lang='lat' dir='ltr'>publica</span> <span class='ocrx_word' id='word_1_46' title='bbox 285 2326 375 2376; x_wconf 86' lang='lat' dir='ltr'>opera,</span> <span class='ocrx_word' id='word_1_47' title='bbox 392 2313 439 2363; x_wconf 88' lang='lat' dir='ltr'>sed</span> <span class='ocrx_word' id='word_1_48' title='bbox 461 2315 541 2364; x_wconf 91' lang='lat' dir='ltr'>multo</span> <span class='ocrx_word' id='word_1_49' title='bbox 558 2316 639 2378; x_wconf 71' lang='lat' dir='ltr'>magis</span> <span class='ocrx_word' id='word_1_50' title='bbox 656 2315 799 2366; x_wconf 84' lang='lat' dir='ltr'>AEduenses</span> <span class='ocrx_word' id='word_1_51' title='bbox 818 2317 920 2378; x_wconf 74' lang='lat' dir='ltr'>sclrolae,</span> <span class='ocrx_word' id='word_1_52' title='bbox 937 2317 1093 2380; x_wconf 73' lang='lat' dir='ltr'>Bapaudicae</span> <span class='ocrx_word' id='word_1_53' title='bbox 1111 2313 1232 2366; x_wconf 76' lang='lat' dir='ltr'>factionis</span> 
     </span>
     <span class='ocr_line' id='line_1_10' title="bbox 159 2392 1234 2460; baseline 0.004 -19"><span class='ocrx_word' id='word_1_54' title='bbox 159 2392 348 2456; x_wconf 88' lang='lat' dir='ltr'>irruptionibus</span> <span class='ocrx_word' id='word_1_55' title='bbox 366 2395 499 2459; x_wconf 77' lang='lat' dir='ltr'>collapsa,</span> <span class='ocrx_word' id='word_1_56' title='bbox 511 2394 543 2444; x_wconf 83' lang='lat' dir='ltr'>ari</span> <span class='ocrx_word' id='word_1_57' title='bbox 560 2395 668 2446; x_wconf 75' lang='lat' dir='ltr'>Gallicas</span> <span class='ocrx_word' id='word_1_58' title='bbox 686 2396 829 2447; x_wconf 73' lang='lat' dir='ltr'>nobilitatis</span> <span class='ocrx_word' id='word_1_59' title='bbox 846 2398 1028 2447; x_wconf 70' lang='lat' dir='ltr'>educationem</span> <span class='ocrx_word' id='word_1_60' title='bbox 1045 2398 1234 2460; x_wconf 88' lang='lat' dir='ltr'>instaurentur,</span> 
     </span>
     <span class='ocr_line' id='line_1_11' title="bbox 161 2473 1234 2542; baseline 0.006 -22"><span class='ocrx_word' id='word_1_61' title='bbox 161 2486 221 2534; x_wconf 86' lang='lat' dir='ltr'>cap.</span> <span class='ocrx_word' id='word_1_62' title='bbox 233 2485 271 2522; x_wconf 83' lang='lat' dir='ltr'>rr.</span> <span class='ocrx_word' id='word_1_63' title='bbox 297 2473 384 2524; x_wconf 86' lang='lat' dir='ltr'>Nullis</span> <span class='ocrx_word' id='word_1_64' title='bbox 394 2475 555 2539; x_wconf 87' lang='lat' dir='ltr'>principibus</span> <span class='ocrx_word' id='word_1_65' title='bbox 566 2476 656 2527; x_wconf 81' lang='lat' dir='ltr'>literar</span> <span class='ocrx_word' id='word_1_66' title='bbox 667 2484 748 2529; x_wconf 73' lang='lat' dir='ltr'>tantae</span> <span class='ocrx_word' id='word_1_67' title='bbox 764 2491 874 2541; x_wconf 87' lang='lat' dir='ltr'>unquam</span> <span class='ocrx_word' id='word_1_68' title='bbox 883 2492 953 2528; x_wconf 78' lang='lat' dir='ltr'>curas</span> <span class='ocrx_word' id='word_1_69' title='bbox 964 2475 1051 2535; x_wconf 84' lang='lat' dir='ltr'>fuisse,</span> <span class='ocrx_word' id='word_1_70' title='bbox 1063 2492 1122 2542; x_wconf 76' lang='lat' dir='ltr'>cap.</span> <span class='ocrx_word' id='word_1_71' title='bbox 1135 2489 1164 2526; x_wconf 85' lang='lat' dir='ltr'>v.</span> <span class='ocrx_word' id='word_1_72' title='bbox 1188 2475 1234 2526; x_wconf 88' lang='lat' dir='ltr'>ln·</span> 
     </span>
     <span class='ocr_line' id='line_1_12' title="bbox 160 2553 1234 2618; baseline 0.003 -16"><span class='ocrx_word' id='word_1_73' title='bbox 160 2554 295 2602; x_wconf 84' lang='lat' dir='ltr'>tellectum</span> <span class='ocrx_word' id='word_1_74' title='bbox 307 2553 380 2618; x_wconf 86' lang='lat' dir='ltr'>illud,</span> <span class='ocrx_word' id='word_1_75' title='bbox 390 2569 448 2604; x_wconf 86' lang='lat' dir='ltr'>cum</span> <span class='ocrx_word' id='word_1_76' title='bbox 460 2555 550 2606; x_wconf 84' lang='lat' dir='ltr'>barum</span> <span class='ocrx_word' id='word_1_77' title='bbox 568 2557 712 2606; x_wconf 85' lang='lat' dir='ltr'>sclrolaram</span> <span class='ocrx_word' id='word_1_78' title='bbox 721 2556 894 2606; x_wconf 75' lang='lat' dir='ltr'>moderatore</span> <span class='ocrx_word' id='word_1_79' title='bbox 910 2563 1010 2607; x_wconf 75' lang='lat' dir='ltr'>mortim</span> <span class='ocrx_word' id='word_1_80' title='bbox 1025 2557 1131 2607; x_wconf 88' lang='lat' dir='ltr'>alterins</span> <span class='ocrx_word' id='word_1_81' title='bbox 1143 2555 1234 2606; x_wconf 84' lang='lat' dir='ltr'>subro-</span> 
     </span>
     <span class='ocr_line' id='line_1_13' title="bbox 161 2633 1234 2702; baseline 0.004 -21"><span class='ocrx_word' id='word_1_82' title='bbox 161 2633 240 2696; x_wconf 75' lang='lat' dir='ltr'>gandi</span> <span class='ocrx_word' id='word_1_83' title='bbox 253 2647 340 2684; x_wconf 89' lang='lat' dir='ltr'>curam</span> <span class='ocrx_word' id='word_1_84' title='bbox 352 2645 521 2700; x_wconf 88' lang='lat' dir='ltr'>susceperuut</span> <span class='ocrx_word' id='word_1_85' title='bbox 533 2637 583 2700; x_wconf 86' lang='lat' dir='ltr'>ipsi</span> <span class='ocrx_word' id='word_1_86' title='bbox 595 2651 642 2700; x_wconf 91' lang='lat' dir='ltr'>per</span> <span class='ocrx_word' id='word_1_87' title='bbox 653 2651 720 2693; x_wconf 89' lang='lat' dir='ltr'>sese,</span> <span class='ocrx_word' id='word_1_88' title='bbox 733 2645 760 2686; x_wconf 89' lang='lat' dir='ltr'>et</span> <span class='ocrx_word' id='word_1_89' title='bbox 776 2636 808 2686; x_wconf 87' lang='lat' dir='ltr'>sd</span> <span class='ocrx_word' id='word_1_90' title='bbox 826 2638 899 2702; x_wconf 80' lang='lat' dir='ltr'>hujus</span> <span class='ocrx_word' id='word_1_91' title='bbox 917 2637 1086 2702; x_wconf 69' lang='lat' dir='ltr'>professionis</span> <span class='ocrx_word' id='word_1_92' title='bbox 1104 2649 1234 2686; x_wconf 89' lang='lat' dir='ltr'>commen·</span> 
     </span>
     <span class='ocr_line' id='line_1_14' title="bbox 160 2711 1234 2784; baseline 0.002 -22"><span class='ocrx_word' id='word_1_93' title='bbox 160 2711 292 2764; x_wconf 85' lang='lat' dir='ltr'>dationem</span> <span class='ocrx_word' id='word_1_94' title='bbox 304 2729 362 2766; x_wconf 86' lang='lat' dir='ltr'>eum</span> <span class='ocrx_word' id='word_1_95' title='bbox 374 2718 518 2781; x_wconf 75' lang='lat' dir='ltr'>elegerunt,</span> <span class='ocrx_word' id='word_1_96' title='bbox 529 2717 572 2784; x_wconf 90' lang='lat' dir='ltr'>qui</span> <span class='ocrx_word' id='word_1_97' title='bbox 585 2715 699 2768; x_wconf 84' lang='lat' dir='ltr'>officium</span> <span class='ocrx_word' id='word_1_98' title='bbox 711 2719 736 2767; x_wconf 89' lang='lat' dir='ltr'>iu</span> <span class='ocrx_word' id='word_1_99' title='bbox 748 2719 843 2783; x_wconf 88' lang='lat' dir='ltr'>palatio</span> <span class='ocrx_word' id='word_1_100' title='bbox 854 2727 958 2780; x_wconf 72' lang='lat' dir='ltr'>gereret</span> <span class='ocrx_word' id='word_1_101' title='bbox 971 2718 1165 2781; x_wconf 86' lang='lat' dir='ltr'>amplissimum,</span> <span class='ocrx_word' id='word_1_102' title='bbox 1177 2730 1234 2779; x_wconf 88' lang='lat' dir='ltr'>cap.</span> 
     </span>
     <span class='ocr_line' id='line_1_15' title="bbox 161 2795 1234 2862; baseline 0.002 -20"><span class='ocrx_word' id='word_1_103' title='bbox 161 2807 201 2844; x_wconf 81' lang='lat' dir='ltr'>vr.</span> <span class='ocrx_word' id='word_1_104' title='bbox 233 2796 262 2846; x_wconf 83' lang='lat' dir='ltr'>Si</span> <span class='ocrx_word' id='word_1_105' title='bbox 282 2803 388 2861; x_wconf 39' lang='lat' dir='ltr'>ueteres,</span> <span class='ocrx_word' id='word_1_106' title='bbox 404 2798 427 2847; x_wconf 90' lang='lat' dir='ltr'>ei</span> <span class='ocrx_word' id='word_1_107' title='bbox 446 2798 548 2860; x_wconf 85' lang='lat' dir='ltr'>virtuti,</span> <span class='ocrx_word' id='word_1_108' title='bbox 565 2799 639 2862; x_wconf 87' lang='lat' dir='ltr'>cujus</span> <span class='ocrx_word' id='word_1_109' title='bbox 658 2797 746 2848; x_wconf 90' lang='lat' dir='ltr'>studio</span> <span class='ocrx_word' id='word_1_110' title='bbox 766 2799 935 2859; x_wconf 89' lang='lat' dir='ltr'>ducerentur,</span> <span class='ocrx_word' id='word_1_111' title='bbox 954 2799 1054 2860; x_wconf 87' lang='lat' dir='ltr'>templu</span> <span class='ocrx_word' id='word_1_112' title='bbox 1073 2795 1234 2856; x_wconf 84' lang='lat' dir='ltr'>statuebant,</span> 
     </span>
     <span class='ocr_line' id='line_1_16' title="bbox 152 2875 1236 2943; baseline 0.004 -20"><span class='ocrx_word' id='word_1_113' title='bbox 152 2875 343 2928; x_wconf 71' lang='lat' dir='ltr'>Constantium</span> <span class='ocrx_word' id='word_1_114' title='bbox 354 2892 401 2941; x_wconf 89' lang='lat' dir='ltr'>pro</span> <span class='ocrx_word' id='word_1_115' title='bbox 412 2893 458 2928; x_wconf 92' lang='lat' dir='ltr'>suo</span> <span class='ocrx_word' id='word_1_116' title='bbox 469 2892 532 2943; x_wconf 76' lang='lat' dir='ltr'>erga</span> <span class='ocrx_word' id='word_1_117' title='bbox 544 2880 634 2930; x_wconf 84' lang='lat' dir='ltr'>literas</span> <span class='ocrx_word' id='word_1_118' title='bbox 646 2893 733 2930; x_wconf 89' lang='lat' dir='ltr'>amore</span> <span class='ocrx_word' id='word_1_119' title='bbox 743 2880 789 2927; x_wconf 87' lang='lat' dir='ltr'>bas</span> <span class='ocrx_word' id='word_1_120' title='bbox 800 2879 903 2928; x_wconf 85' lang='lat' dir='ltr'>scholas</span> <span class='ocrx_word' id='word_1_121' title='bbox 913 2885 1017 2927; x_wconf 87' lang='lat' dir='ltr'>erectus</span> <span class='ocrx_word' id='word_1_122' title='bbox 1029 2877 1104 2938; x_wconf 83' lang='lat' dir='ltr'>selle,</span> <span class='ocrx_word' id='word_1_123' title='bbox 1115 2891 1172 2941; x_wconf 83' lang='lat' dir='ltr'>cap.</span> <span class='ocrx_word' id='word_1_124' title='bbox 1183 2889 1236 2927; x_wconf 79' lang='grc' dir='ltr'>ιιι.</span> 
     </span>
     <span class='ocr_line' id='line_1_17' title="bbox 161 2953 1235 3023; baseline 0.003 -19"><span class='ocrx_word' id='word_1_125' title='bbox 161 2953 203 3004; x_wconf 85' lang='lat' dir='ltr'>Ab</span> <span class='ocrx_word' id='word_1_126' title='bbox 222 2970 311 3007; x_wconf 87' lang='lat' dir='ltr'>earum</span> <span class='ocrx_word' id='word_1_127' title='bbox 330 2961 381 3007; x_wconf 89' lang='lat' dir='ltr'>situ</span> <span class='ocrx_word' id='word_1_128' title='bbox 400 2959 456 3022; x_wconf 90' lang='lat' dir='ltr'>ipso</span> <span class='ocrx_word' id='word_1_129' title='bbox 472 2960 569 3023; x_wconf 85' lang='lat' dir='ltr'>probet</span> <span class='ocrx_word' id='word_1_130' title='bbox 586 2959 769 3009; x_wconf 87' lang='lat' dir='ltr'>instaurandas</span> <span class='ocrx_word' id='word_1_131' title='bbox 787 2972 853 3014; x_wconf 85' lang='lat' dir='ltr'>esee,</span> <span class='ocrx_word' id='word_1_132' title='bbox 870 2972 929 3006; x_wconf 86' lang='lat' dir='ltr'>curn</span> <span class='ocrx_word' id='word_1_133' title='bbox 947 2959 1008 3022; x_wconf 89' lang='lat' dir='ltr'>quia</span> <span class='ocrx_word' id='word_1_134' title='bbox 1020 2957 1045 3006; x_wconf 90' lang='lat' dir='ltr'>in</span> <span class='ocrx_word' id='word_1_135' title='bbox 1061 2955 1147 3006; x_wconf 90' lang='lat' dir='ltr'>media</span> <span class='ocrx_word' id='word_1_136' title='bbox 1160 2955 1235 3013; x_wconf 82' lang='lat' dir='ltr'>urbe,</span> 
     </span>
     <span class='ocr_line' id='line_1_18' title="bbox 161 3038 957 3104; baseline -0.001 -16"><span class='ocrx_word' id='word_1_137' title='bbox 161 3044 215 3088; x_wconf 90' lang='lat' dir='ltr'>tum</span> <span class='ocrx_word' id='word_1_138' title='bbox 227 3041 286 3104; x_wconf 85' lang='lat' dir='ltr'>quia</span> <span class='ocrx_word' id='word_1_139' title='bbox 298 3041 365 3088; x_wconf 91' lang='lat' dir='ltr'>iuter</span> <span class='ocrx_word' id='word_1_140' title='bbox 378 3038 507 3102; x_wconf 82' lang='lat' dir='ltr'>Apollinis</span> <span class='ocrx_word' id='word_1_141' title='bbox 520 3041 644 3102; x_wconf 85' lang='lat' dir='ltr'>ternplum</span> <span class='ocrx_word' id='word_1_142' title='bbox 657 3045 685 3088; x_wconf 92' lang='lat' dir='ltr'>et</span> <span class='ocrx_word' id='word_1_143' title='bbox 696 3039 835 3100; x_wconf 78' lang='lat' dir='ltr'>Minervae,</span> <span class='ocrx_word' id='word_1_144' title='bbox 848 3053 906 3102; x_wconf 86' lang='lat' dir='ltr'>cap.</span> <span class='ocrx_word' id='word_1_145' title='bbox 899 3051 957 3087; x_wconf 83' lang='lat' dir='ltr'>..rx</span> 
     </span>
    </p>

    <p class='ocr_par' dir='ltr' id='par_1_7' title="bbox 129 3116 1235 3263">
     <span class='ocr_line' id='line_1_19' title="bbox 129 3116 1233 3183; baseline 0 -13"><span class='ocrx_word' id='word_1_146' title='bbox 129 3116 167 3170; x_wconf 77' lang='lat'>11.</span> <span class='ocrx_word' id='word_1_147' title='bbox 186 3120 281 3169; x_wconf 85' lang='lat' dir='ltr'>Pans.</span> <span class='ocrx_word' id='word_1_148' title='bbox 302 3120 419 3168; x_wconf 79' lang='lat' dir='ltr'>Sexcena</span> <span class='ocrx_word' id='word_1_149' title='bbox 436 3119 516 3169; x_wconf 89' lang='lat' dir='ltr'>millia</span> <span class='ocrx_word' id='word_1_150' title='bbox 533 3134 663 3179; x_wconf 87' lang='lat' dir='ltr'>nummum</span> <span class='ocrx_word' id='word_1_151' title='bbox 684 3133 731 3182; x_wconf 85' lang='lat' dir='ltr'>pro</span> <span class='ocrx_word' id='word_1_152' title='bbox 743 3119 884 3183; x_wconf 78' lang='lat' dir='ltr'>magisterii</span> <span class='ocrx_word' id='word_1_153' title='bbox 899 3119 937 3168; x_wconf 91' lang='lat' dir='ltr'>sni</span> <span class='ocrx_word' id='word_1_154' title='bbox 955 3119 1048 3168; x_wconf 88' lang='lat' dir='ltr'>salario</span> <span class='ocrx_word' id='word_1_155' title='bbox 1065 3118 1114 3168; x_wconf 90' lang='lat' dir='ltr'>sibi</span> <span class='ocrx_word' id='word_1_156' title='bbox 1132 3133 1148 3168; x_wconf 87' lang='lat' dir='ltr'>a</span> <span class='ocrx_word' id='word_1_157' title='bbox 1166 3119 1233 3170; x_wconf 85' lang='lat' dir='ltr'>Con·</span> 
     </span>
     <span class='ocr_line' id='line_1_20' title="bbox 159 3198 1235 3263; baseline 0.004 -17"><span class='ocrx_word' id='word_1_158' title='bbox 159 3200 259 3249; x_wconf 88' lang='lat' dir='ltr'>stantia</span> <span class='ocrx_word' id='word_1_159' title='bbox 277 3199 339 3250; x_wconf 87' lang='lat' dir='ltr'>data</span> <span class='ocrx_word' id='word_1_160' title='bbox 352 3199 384 3249; x_wconf 91' lang='lat' dir='ltr'>ad</span> <span class='ocrx_word' id='word_1_161' title='bbox 403 3200 450 3250; x_wconf 84' lang='lat' dir='ltr'>lroc</span> <span class='ocrx_word' id='word_1_162' title='bbox 468 3215 532 3262; x_wconf 91' lang='lat' dir='ltr'>opus</span> <span class='ocrx_word' id='word_1_163' title='bbox 548 3214 577 3248; x_wconf 90' lang='lat' dir='ltr'>se</span> <span class='ocrx_word' id='word_1_164' title='bbox 593 3200 829 3263; x_wconf 85' lang='lat' dir='ltr'>collaturum,cap.</span> <span class='ocrx_word' id='word_1_165' title='bbox 842 3212 883 3248; x_wconf 85' lang='grc' dir='ltr'>ιιι.</span> <span class='ocrx_word' id='word_1_166' title='bbox 916 3199 958 3248; x_wconf 85' lang='lat' dir='ltr'>Sic</span> <span class='ocrx_word' id='word_1_167' title='bbox 970 3198 1036 3249; x_wconf 88' lang='lat' dir='ltr'>enim</span> <span class='ocrx_word' id='word_1_168' title='bbox 1049 3199 1191 3262; x_wconf 74' lang='lat' dir='ltr'>digniorem</span> <span class='ocrx_word' id='word_1_169' title='bbox 1203 3213 1235 3250; x_wconf 85' lang='lat' dir='ltr'>ss</span> 
     </span>
    </p>

    <p class='ocr_par' dir='ltr' id='par_1_8' title="bbox 137 3279 1235 3829">
     <span class='ocr_line' id='line_1_21' title="bbox 137 3279 1234 3346; baseline 0.002 -18"><span class='ocrx_word' id='word_1_170' title='bbox 137 3299 141 3304; x_wconf 95' lang='lat'>·</span> <span class='ocrx_word' id='word_1_171' title='bbox 160 3280 210 3330; x_wconf 82' lang='lat' dir='ltr'>isac</span> <span class='ocrx_word' id='word_1_172' title='bbox 228 3280 351 3344; x_wconf 90' lang='lat' dir='ltr'>principis</span> <span class='ocrx_word' id='word_1_173' title='bbox 368 3281 525 3331; x_wconf 75' lang='lat' dir='ltr'>liberalitate</span> <span class='ocrx_word' id='word_1_174' title='bbox 542 3279 670 3346; x_wconf 71' lang='lat' dir='ltr'>initurum,</span> <span class='ocrx_word' id='word_1_175' title='bbox 685 3295 743 3331; x_wconf 92' lang='lat' dir='ltr'>cum</span> <span class='ocrx_word' id='word_1_176' title='bbox 762 3294 819 3330; x_wconf 90' lang='lat' dir='ltr'>eam</span> <span class='ocrx_word' id='word_1_177' title='bbox 835 3281 918 3343; x_wconf 85' lang='lat' dir='ltr'>ipsam</span> <span class='ocrx_word' id='word_1_178' title='bbox 937 3281 962 3328; x_wconf 92' lang='lat' dir='ltr'>in</span> <span class='ocrx_word' id='word_1_179' title='bbox 980 3280 1071 3344; x_wconf 74' lang='lat' dir='ltr'>patriae</span> <span class='ocrx_word' id='word_1_180' title='bbox 1086 3293 1158 3329; x_wconf 90' lang='lat' dir='ltr'>usum</span> <span class='ocrx_word' id='word_1_181' title='bbox 1171 3293 1234 3330; x_wconf 88' lang='lat' dir='ltr'>con·</span> 
     </span>
     <span class='ocr_line' id='line_1_22' title="bbox 160 3359 1234 3426; baseline 0.004 -16"><span class='ocrx_word' id='word_1_182' title='bbox 160 3361 268 3410; x_wconf 83' lang='lat' dir='ltr'>tulerit:</span> <span class='ocrx_word' id='word_1_183' title='bbox 283 3361 346 3410; x_wconf 89' lang='lat' dir='ltr'>satis</span> <span class='ocrx_word' id='word_1_184' title='bbox 363 3359 410 3411; x_wconf 89' lang='lat' dir='ltr'>sibl</span> <span class='ocrx_word' id='word_1_185' title='bbox 428 3375 484 3410; x_wconf 88' lang='lat' dir='ltr'>csse</span> <span class='ocrx_word' id='word_1_186' title='bbox 503 3361 535 3410; x_wconf 90' lang='lat' dir='ltr'>ad</span> <span class='ocrx_word' id='word_1_187' title='bbox 552 3362 660 3424; x_wconf 74' lang='lat' dir='ltr'>gloriam</span> <span class='ocrx_word' id='word_1_188' title='bbox 679 3359 746 3426; x_wconf 90' lang='lat' dir='ltr'>qnod</span> <span class='ocrx_word' id='word_1_189' title='bbox 764 3375 796 3410; x_wconf 86' lang='lat' dir='ltr'>ea</span> <span class='ocrx_word' id='word_1_190' title='bbox 812 3375 912 3409; x_wconf 88' lang='lat' dir='ltr'>summa</span> <span class='ocrx_word' id='word_1_191' title='bbox 927 3360 976 3409; x_wconf 91' lang='lat' dir='ltr'>sibi</span> <span class='ocrx_word' id='word_1_192' title='bbox 988 3359 1095 3410; x_wconf 87' lang='lat' dir='ltr'>decreta</span> <span class='ocrx_word' id='word_1_193' title='bbox 1112 3361 1156 3412; x_wconf 85' lang='lat' dir='ltr'>sit.</span> <span class='ocrx_word' id='word_1_194' title='bbox 1190 3361 1234 3414; x_wconf 82' lang='lat' dir='ltr'>lta</span> 
     </span>
     <span class='ocr_line' id='line_1_23' title="bbox 157 3439 1234 3506; baseline 0.004 -17"><span class='ocrx_word' id='word_1_195' title='bbox 157 3439 274 3490; x_wconf 77' lang='lat' dir='ltr'>sutorum</span> <span class='ocrx_word' id='word_1_196' title='bbox 294 3449 322 3490; x_wconf 87' lang='lat' dir='ltr'>ut</span> <span class='ocrx_word' id='word_1_197' title='bbox 342 3457 431 3492; x_wconf 90' lang='lat' dir='ltr'>omnes</span> <span class='ocrx_word' id='word_1_198' title='bbox 454 3442 655 3506; x_wconf 61' lang='lat' dir='ltr'>intelligentes</span> <span class='ocrx_word' id='word_1_199' title='bbox 675 3456 726 3492; x_wconf 89' lang='lat' dir='ltr'>non</span> <span class='ocrx_word' id='word_1_200' title='bbox 751 3443 861 3492; x_wconf 78' lang='lat' dir='ltr'>auaritia</span> <span class='ocrx_word' id='word_1_201' title='bbox 884 3442 990 3492; x_wconf 83' lang='lat' dir='ltr'>ductum</span> <span class='ocrx_word' id='word_1_202' title='bbox 1013 3440 1046 3491; x_wconf 88' lang='lat' dir='ltr'>ad</span> <span class='ocrx_word' id='word_1_203' title='bbox 1069 3441 1095 3492; x_wconf 93' lang='lat' dir='ltr'>id</span> <span class='ocrx_word' id='word_1_204' title='bbox 1119 3441 1234 3493; x_wconf 86' lang='lat' dir='ltr'>officium</span> 
     </span>
     <span class='ocr_line' id='line_1_24' title="bbox 160 3521 1234 3589; baseline 0.004 -19"><span class='ocrx_word' id='word_1_205' title='bbox 160 3521 314 3582; x_wconf 76' lang='lat' dir='ltr'>necessisse,</span> <span class='ocrx_word' id='word_1_206' title='bbox 326 3536 384 3586; x_wconf 87' lang='lat' dir='ltr'>cap.</span> <span class='ocrx_word' id='word_1_207' title='bbox 397 3536 451 3574; x_wconf 84' lang='lat' dir='ltr'>xrr.</span> <span class='ocrx_word' id='word_1_208' title='bbox 471 3522 586 3574; x_wconf 78' lang='lat' dir='ltr'>Cirilibet</span> <span class='ocrx_word' id='word_1_209' title='bbox 599 3523 684 3588; x_wconf 91' lang='lat' dir='ltr'>pretio</span> <span class='ocrx_word' id='word_1_210' title='bbox 696 3533 854 3588; x_wconf 84' lang='lat' dir='ltr'>anteponere</span> <span class='ocrx_word' id='word_1_211' title='bbox 866 3537 893 3572; x_wconf 91' lang='lat' dir='ltr'>se</span> <span class='ocrx_word' id='word_1_212' title='bbox 906 3523 1005 3582; x_wconf 84' lang='lat' dir='ltr'>literas,</span> <span class='ocrx_word' id='word_1_213' title='bbox 1018 3524 1110 3589; x_wconf 87' lang='lat' dir='ltr'>quibus</span> <span class='ocrx_word' id='word_1_214' title='bbox 1122 3523 1234 3588; x_wconf 75' lang='lat' dir='ltr'>Gallicae</span> 
     </span>
     <span class='ocr_line' id='line_1_25' title="bbox 158 3603 1234 3669; baseline 0.002 -17"><span class='ocrx_word' id='word_1_215' title='bbox 158 3603 301 3652; x_wconf 85' lang='lat' dir='ltr'>nobilitatis</span> <span class='ocrx_word' id='word_1_216' title='bbox 320 3603 445 3654; x_wconf 90' lang='lat' dir='ltr'>institutio</span> <span class='ocrx_word' id='word_1_217' title='bbox 463 3603 512 3654; x_wconf 91' lang='lat' dir='ltr'>sibi</span> <span class='ocrx_word' id='word_1_218' title='bbox 533 3619 548 3653; x_wconf 87' lang='lat' dir='ltr'>a</span> <span class='ocrx_word' id='word_1_219' title='bbox 566 3603 719 3653; x_wconf 86' lang='lat' dir='ltr'>Constantio</span> <span class='ocrx_word' id='word_1_220' title='bbox 737 3603 942 3662; x_wconf 83' lang='lat' dir='ltr'>commendatur,</span> <span class='ocrx_word' id='word_1_221' title='bbox 960 3618 1020 3669; x_wconf 86' lang='lat' dir='ltr'>cap.</span> <span class='ocrx_word' id='word_1_222' title='bbox 1038 3617 1102 3654; x_wconf 84' lang='grc' dir='ltr'>ιιιιι.</span> <span class='ocrx_word' id='word_1_223' title='bbox 1137 3603 1234 3654; x_wconf 74' lang='lat' dir='ltr'>Literae</span> 
     </span>
     <span class='ocr_line' id='line_1_26' title="bbox 159 3680 1235 3748; baseline -0.003 -14"><span class='ocrx_word' id='word_1_224' title='bbox 159 3683 318 3741; x_wconf 84' lang='lat' dir='ltr'>Constantii,</span> <span class='ocrx_word' id='word_1_225' title='bbox 332 3697 392 3748; x_wconf 85' lang='lat' dir='ltr'>cap.</span> <span class='ocrx_word' id='word_1_226' title='bbox 406 3697 467 3734; x_wconf 80' lang='lat' dir='ltr'>xiv.</span> <span class='ocrx_word' id='word_1_227' title='bbox 499 3682 560 3734; x_wconf 88' lang='lat' dir='ltr'>Huc</span> <span class='ocrx_word' id='word_1_228' title='bbox 578 3684 686 3734; x_wconf 70' lang='lat' dir='ltr'>Ceratis</span> <span class='ocrx_word' id='word_1_229' title='bbox 704 3683 866 3733; x_wconf 76' lang='lat' dir='ltr'>humanitate</span> <span class='ocrx_word' id='word_1_230' title='bbox 878 3683 917 3732; x_wconf 83' lang='lat' dir='ltr'>ad</span> <span class='ocrx_word' id='word_1_231' title='bbox 935 3682 1115 3733; x_wconf 84' lang='lat' dir='ltr'>instaurandas</span> <span class='ocrx_word' id='word_1_232' title='bbox 1133 3680 1235 3732; x_wconf 86' lang='lat' dir='ltr'>scholas</span> 
     </span>
     <span class='ocr_line' id='line_1_27' title="bbox 159 3762 1235 3829; baseline 0.002 -18"><span class='ocrx_word' id='word_1_233' title='bbox 159 3762 261 3812; x_wconf 90' lang='lat' dir='ltr'>incitari</span> <span class='ocrx_word' id='word_1_234' title='bbox 272 3777 309 3821; x_wconf 86' lang='lat' dir='ltr'>se,</span> <span class='ocrx_word' id='word_1_235' title='bbox 326 3778 385 3829; x_wconf 87' lang='lat' dir='ltr'>cap.</span> <span class='ocrx_word' id='word_1_236' title='bbox 398 3778 448 3815; x_wconf 87' lang='lat' dir='ltr'>xv.</span> <span class='ocrx_word' id='word_1_237' title='bbox 481 3763 622 3814; x_wconf 85' lang='lat' dir='ltr'>Pecuniam</span> <span class='ocrx_word' id='word_1_238' title='bbox 638 3764 706 3817; x_wconf 89' lang='lat' dir='ltr'>illam</span> <span class='ocrx_word' id='word_1_239' title='bbox 725 3764 817 3814; x_wconf 86' lang='lat' dir='ltr'>scholis</span> <span class='ocrx_word' id='word_1_240' title='bbox 837 3771 947 3828; x_wconf 86' lang='lat' dir='ltr'>propter</span> <span class='ocrx_word' id='word_1_241' title='bbox 963 3780 1026 3829; x_wconf 80' lang='lat' dir='ltr'>quas</span> <span class='ocrx_word' id='word_1_242' title='bbox 1045 3763 1096 3814; x_wconf 88' lang='lat' dir='ltr'>sibi</span> <span class='ocrx_word' id='word_1_243' title='bbox 1113 3762 1173 3812; x_wconf 87' lang='lat' dir='ltr'>data</span> <span class='ocrx_word' id='word_1_244' title='bbox 1192 3765 1235 3813; x_wconf 86' lang='lat' dir='ltr'>esi</span> 
     </span>
    </p>

    <p class='ocr_par' dir='ltr' id='par_1_9' title="bbox 135 3842 1235 4235">
     <span class='ocr_line' id='line_1_28' title="bbox 135 3842 1233 3912; baseline -0.002 -18"><span class='ocrx_word' id='word_1_245' title='bbox 135 3876 141 3884; x_wconf 88' lang='lat'><em>-</em></span> <span class='ocrx_word' id='word_1_246' title='bbox 158 3845 273 3894; x_wconf 91' lang='lat' dir='ltr'>libenter</span> <span class='ocrx_word' id='word_1_247' title='bbox 284 3844 393 3909; x_wconf 89' lang='lat' dir='ltr'>dare,et</span> <span class='ocrx_word' id='word_1_248' title='bbox 408 3847 433 3894; x_wconf 87' lang='lat' dir='ltr'>io</span> <span class='ocrx_word' id='word_1_249' title='bbox 449 3844 541 3912; x_wconf 88' lang='lat' dir='ltr'>quibus</span> <span class='ocrx_word' id='word_1_250' title='bbox 558 3844 618 3894; x_wconf 88' lang='lat' dir='ltr'>olim</span> <span class='ocrx_word' id='word_1_251' title='bbox 635 3859 698 3894; x_wconf 78' lang='lat' dir='ltr'>aviis</span> <span class='ocrx_word' id='word_1_252' title='bbox 718 3844 800 3908; x_wconf 85' lang='lat' dir='ltr'>ipsius</span> <span class='ocrx_word' id='word_1_253' title='bbox 817 3843 944 3902; x_wconf 89' lang='lat' dir='ltr'>docuerit,</span> <span class='ocrx_word' id='word_1_254' title='bbox 962 3845 1028 3894; x_wconf 84' lang='lat' dir='ltr'>velle</span> <span class='ocrx_word' id='word_1_255' title='bbox 1045 3858 1072 3892; x_wconf 89' lang='lat' dir='ltr'>se</span> <span class='ocrx_word' id='word_1_256' title='bbox 1092 3842 1233 3906; x_wconf 89' lang='lat' dir='ltr'>imperato·</span> 
     </span>
     <span class='ocr_line' id='line_1_29' title="bbox 160 3923 1234 3991; baseline -0.002 -17"><span class='ocrx_word' id='word_1_257' title='bbox 160 3938 216 3974; x_wconf 88' lang='lat' dir='ltr'>rum</span> <span class='ocrx_word' id='word_1_258' title='bbox 239 3926 265 3974; x_wconf 93' lang='lat' dir='ltr'>in</span> <span class='ocrx_word' id='word_1_259' title='bbox 283 3925 451 3976; x_wconf 87' lang='lat' dir='ltr'>restituendis</span> <span class='ocrx_word' id='word_1_260' title='bbox 471 3925 592 3990; x_wconf 86' lang='lat' dir='ltr'>operibns</span> <span class='ocrx_word' id='word_1_261' title='bbox 613 3924 723 3990; x_wconf 88' lang='lat' dir='ltr'>publicis</span> <span class='ocrx_word' id='word_1_262' title='bbox 741 3926 877 3990; x_wconf 86' lang='lat' dir='ltr'>pietatem,</span> <span class='ocrx_word' id='word_1_263' title='bbox 891 3932 1015 3991; x_wconf 88' lang='lat' dir='ltr'>quantum</span> <span class='ocrx_word' id='word_1_264' title='bbox 1037 3923 1090 3973; x_wconf 86' lang='lat' dir='ltr'>fert</span> <span class='ocrx_word' id='word_1_265' title='bbox 1112 3935 1154 3972; x_wconf 84' lang='lat' dir='ltr'>res</span> <span class='ocrx_word' id='word_1_266' title='bbox 1176 3937 1234 3988; x_wconf 83' lang='lat' dir='ltr'>arra,</span> 
     </span>
     <span class='ocr_line' id='line_1_30' title="bbox 159 4003 1233 4070; baseline 0 -16"><span class='ocrx_word' id='word_1_267' title='bbox 159 4005 265 4055; x_wconf 89' lang='lat' dir='ltr'>imitari.</span> <span class='ocrx_word' id='word_1_268' title='bbox 299 4006 354 4056; x_wconf 86' lang='lat' dir='ltr'>Par</span> <span class='ocrx_word' id='word_1_269' title='bbox 383 4020 440 4056; x_wconf 87' lang='lat' dir='ltr'>esse</span> <span class='ocrx_word' id='word_1_270' title='bbox 467 4013 496 4056; x_wconf 89' lang='lat' dir='ltr'>ut</span> <span class='ocrx_word' id='word_1_271' title='bbox 527 4021 578 4056; x_wconf 88' lang='lat' dir='ltr'>nou</span> <span class='ocrx_word' id='word_1_272' title='bbox 609 4006 692 4056; x_wconf 87' lang='lat' dir='ltr'>miuus</span> <span class='ocrx_word' id='word_1_273' title='bbox 711 4006 874 4070; x_wconf 78' lang='lat' dir='ltr'>eloquentia,</span> <span class='ocrx_word' id='word_1_274' title='bbox 895 4012 941 4055; x_wconf 86' lang='lat' dir='ltr'>aut</span> <span class='ocrx_word' id='word_1_275' title='bbox 961 4004 1047 4068; x_wconf 85' lang='lat' dir='ltr'>potius</span> <span class='ocrx_word' id='word_1_276' title='bbox 1076 4003 1233 4067; x_wconf 74' lang='lat' dir='ltr'>eloquentie</span> 
     </span>
     <span class='ocr_line' id='line_1_31' title="bbox 160 4083 1235 4157; baseline -0.004 -18"><span class='ocrx_word' id='word_1_277' title='bbox 160 4102 237 4139; x_wconf 79' lang='lat' dir='ltr'>sacra</span> <span class='ocrx_word' id='word_1_278' title='bbox 249 4089 306 4138; x_wconf 87' lang='lat' dir='ltr'>loca</span> <span class='ocrx_word' id='word_1_279' title='bbox 317 4086 487 4141; x_wconf 85' lang='lat' dir='ltr'>reflorescant</span> <span class='ocrx_word' id='word_1_280' title='bbox 504 4087 664 4143; x_wconf 86' lang='lat' dir='ltr'>liberalitate</span> <span class='ocrx_word' id='word_1_281' title='bbox 682 4087 817 4156; x_wconf 64' lang='lat' dir='ltr'>principis,</span> <span class='ocrx_word' id='word_1_282' title='bbox 834 4101 910 4157; x_wconf 82' lang='lat' dir='ltr'>quam</span> <span class='ocrx_word' id='word_1_283' title='bbox 928 4093 1027 4137; x_wconf 75' lang='lat' dir='ltr'>cetere</span> <span class='ocrx_word' id='word_1_284' title='bbox 1043 4083 1114 4134; x_wconf 85' lang='lat' dir='ltr'>erbis</span> <span class='ocrx_word' id='word_1_285' title='bbox 1133 4092 1235 4149; x_wconf 59' lang='lat' dir='ltr'>partes-1</span> 
     </span>
     <span class='ocr_line' id='line_1_32' title="bbox 158 4182 307 4235; baseline -0.02 -16"><span class='ocrx_word' id='word_1_286' title='bbox 158 4182 307 4235; x_wconf 52' lang='lat' dir='ltr'>capuvn.</span> 
     </span>
    </p>
   </div>
   <div class='ocr_carea' id='block_1_5' title="bbox 0 0 1377 4726">
    <p class='ocr_par' dir='ltr' id='par_1_10' title="bbox 0 0 1377 4726">
     <span class='ocr_line' id='line_1_33' title="bbox 0 0 1377 4726; baseline 0 0"><span class='ocrx_word' id='word_1_287' title='bbox 0 0 1377 4726; x_wconf 95' lang='lat' dir='ltr'> </span> 
     </span>
    </p>
   </div>
  </div>
 </body>
</html>
