2730 4726
137 305 224 375 iseo
538 323 674 379 narrar
699 322 837 377 rroarr

135 468 329 554 pervenerat
352 485 474 533 nomeu
499 473 578 535 ante
601 468 806 550 Romanum,
821 469 956 537 aceedit
975 471 1165 559 imperium.
1206 472 1239 543 3.

136 573 304 638 Dicamne
319 590 382 655 ego
405 576 561 656 receptos
582 573 626 637 ad
653 573 822 639 servitium
837 572 997 650 Gothos?
1023 578 1149 645 castris
1174 579 1239 645 tuis

134 674 395 752 militem,terris
410 673 562 739 sufficere
577 676 762 741 cultoremi
786 677 896 742 dicam
924 698 946 743 a
970 680 1157 746 rebellibus
1179 683 1238 748 Sa·-

133 777 289 843 raceuis‘¹
311 795 432 860 poenas
447 777 571 860 polluti
586 777 723 843 ioederis
738 779 929 861 expetitus?
951 780 1062 855 dicam
1083 782 1239 851 interdie·

134 887 207 945 tum
233 879 370 963 Soytbis
397 878 567 959 Tanaim,r
593 885 627 944 et
651 880 805 946 imbelles
832 902 931 948 arcus
953 885 1059 950 etiam
1084 886 1240 970 fugientis

134 981 311 1051 Albauit·
353 982 386 1044 4.
409 979 644 1065 Quaecumque
659 983 750 1047 natio
765 985 982 1051 barbarorum
1002 989 1135 1067 robore,
1156 991 1240 1055 tero-

133 1085 199 1163 eia,
214 1104 353 1150 numero
367 1085 482 1168 gravis⁴
493 1103 640 1169 unquam
655 1086 754 1151 nobis
768 1087 842 1164 fuit,
854 1096 914 1154 eut
927 1089 1008 1154 boui
1020 1092 1192 1169 consulit,t
1202 1099 1240 1158 ut

133 1187 391 1273 quiescat31aut
405 1187 556 1264 laetatur,
571 1188 668 1270 quusi
684 1188 806 1267 amica,
822 1189 852 1254 si
865 1189 1003 1255 serviat.
1025 1190 1144 1257 Persis
1153 1194 1240 1278 ipsa,

131 1292 330 1376 reipublicae
345 1299 470 1356 nostros
486 1295 576 1355 retro
591 1291 723 1368 aemula,
744 1299 781 1356 et
801 1293 916 1358 multis
931 1292 1166 1361 Rornanorum
1182 1297 1240 1362 du-

133 1413 213 1460 cum
247 1393 381 1461 famosa
409 1392 594 1471 funeribus,
625 1392 788 1477 quicquid
820 1414 967 1479 unquam
998 1396 1033 1461 in
1059 1396 1238 1483 Principes

132 1504 267 1563 nostros
281 1497 512 1562 inclementius
528 1495 622 1572 tecit,
644 1504 790 1562 excusat
801 1499 979 1582 obsequio.
1024 1503 1057 1564 5.
1081 1501 1237 1585 Denique

36 1614 39 1620 ’
132 1599 210 1684 ipse
234 1599 293 1665 ille
311 1607 398 1664 rex⁰
420 1600 506 1683 ejus,
531 1597 733 1678 dedignatus
754 1606 859 1664 autea
882 1600 1032 1666 confiteri
1057 1603 1237 1682 hominem,

127 1702 200 1789 jam
215 1703 337 1769 fatetur
357 1703 518 1777 timorem,
533 1703 568 1765 et
594 1700 630 1764 in
654 1698 708 1763 bis
735 1706 771 1765 te
796 1701 878 1767 colit
902 1698 1047 1788 templis,
1062 1707 1100 1770 in
1115 1709 1237 1791 quibus

131 1807 276 1872 colitur:
300 1811 371 1870 tum
393 1804 562 1887 legatione
582 1803 757 1878 mittenda,
783 1804 927 1886 gemmis
950 1807 1129 1892 sericoque
1152 1829 1235 1894 μω.

129 1910 256 1989 bondo,
271 1907 378 1974 edboo
394 1907 651 1992 triumphalibus
667 1905 788 1970 belluis
803 1908 839 1972 in
857 1914 916 1973 tua
928 1908 1054 1975 esseda
1068 1931 1236 1996 suggeren-

137 2084 141 2094 '
158 2073 167 2108 ⁸
184 2076 306 2126 Praetura
316 2089 394 2126 urum
405 2073 448 2137 ogi
457 2077 536 2140 putot,
547 2071 718 2138 quodsrrroter
727 2083 794 2137 poor.

589 2216 771 2241 ”munau

130 2351 176 2397 so.
194 2335 327 2397 abjuretur.
360 2335 436 2397 Mox,
452 2339 497 2389 eei.
512 2349 556 2398 quo
571 2334 629 2385 cod.
646 2333 792 2385 Srheffi-tt
810 2336 982 2398 Dicomrrrgo
993 2342 1114 2399 receptior
1123 2337 1231 2388 seruitus

132 2401 225 2451 Gothos
242 2402 343 2450 Bertin.
359 2405 463 2464 receptos
473 2401 587 2449 servitum
601 2401 681 2453 ,codd
692 2399 786 2451 Scbeff.
799 2402 973 2452 Schwaraian.
985 2412 1012 2452 et
1024 2403 1140 2466 Goelpb.
1156 2418 1231 2467 porros

129 2467 201 2516 soluti
213 2467 281 2529 conj.
294 2465 396 2516 Acidal.
430 2465 502 2520 litor,
517 2480 563 2527 pro
575 2468 656 2528 eriam,
666 2465 708 2516 ed.
726 2480 767 2515 an.
785 2471 857 2517 1476.
873 2467 991 2516 Rbenan.
1002 2477 1030 2516 et
1041 2469 1077 2516 al.
1090 2477 1154 2517 vett.
1170 2482 1231 2525 arser

130 2533 191 2582 eod.
208 2533 289 2581 Livio.
307 2547 376 2581 orcus
392 2532 464 2582 etiam
474 2530 534 2591 sug.
574 2532 657 2580 Lirin.
677 2546 738 2580 vero
757 2533 825 2594 conj.
848 2548 919 2582 orcus
936 2533 1153 2594 refugientis-⁵
1172 2534 1230 2584 Cod.

130 2597 259 2646 Schwarz.
271 2606 298 2646 et
312 2599 375 2647 Erre.
386 2599 463 2646 Voss.
480 2598 528 2659 ipre
539 2597 579 2645 ille
589 2613 634 2646 rex
642 2612 664 2647 e.
675 2599 701 2646 d.
716 2612 742 2647 se
756 2603 836 2648 anteo.
869 2599 944 2656 Mox,
955 2597 1071 2662 Gnelpb.
1087 2599 1172 2649 udlroeo
1180 2604 1200 2649 t.
1211 2598 1230 2647 i.

129 2663 156 2712 io
167 2669 209 2713 tuu
219 2665 321 2714 caedra.
356 2663 424 2713 Vide
437 2663 511 2712 Noti.
521 2663 584 2711 Var·

628 2807 735 2859 NOTAE

161 2905 236 2954 οΝωι
243 2904 323 2955 Arois
333 2905 408 2955 medio
419 2906 478 2970 rote]
485 2906 524 2955 Ex
534 2904 664 2969 iproAra·
698 2907 822 2958 Jaxartes
841 2906 945 2971 proprie
962 2904 1070 2962 dieitur,
1088 2905 1136 2956 sed
1151 2906 1230 2957 abla-

129 2981 190 3032 bum
202 2983 289 3032 colore
302 2984 386 3046 nigro,
399 2983 466 3030 unde
478 2983 503 3030 iu
514 2981 595 3030 sarria
605 2982 663 3031 lite·
699 2984 843 3033 sedenibus
854 2983 950 3032 Tanais
962 2982 1110 3032 nominatus
1121 2992 1173 3032 eat.

128 3061 165 3107 ris
188 3061 325 3123 AEthiopes
348 3061 480 3117 dicuntur,
502 3060 565 3108 satis
587 3065 663 3122 patet
731 3068 740 3094 ⁸
757 3059 862 3124 didoni]
877 3059 973 3124 Populi
992 3066 1052 3108 snut
1067 3059 1185 3110 Orientis
1196 3060 1229 3110 in·

128 3147 227 3201 quanto
237 3137 339 3187 fervore
351 3139 412 3186 solis
424 3138 494 3198 regio
504 3136 549 3184 illa
560 3137 660 3187 ardeat.
699 3141 740 3185 ter
752 3137 864 3186 iberiam
885 3143 913 3185 et
929 3149 1000 3191 mare
1016 3135 1152 3199 Caspium,
1170 3151 1228 3202 quor

161 3219 174 3253 Ρ
187 3215 291 3277 Gothos]
308 3217 357 3266 Qui
372 3215 531 3263 athanarico
543 3228 604 3276 rege
613 3227 660 3263 suo
701 3211 938 3277 Strabojaoulandi
951 3211 1050 3275 peritos
1060 3209 1142 3262 tuisse
1154 3212 1231 3262 tradit

127 3295 240 3346 mortuo,
254 3306 311 3340 sesa
329 3292 444 3340 Romano
462 3289 571 3352 imperio
587 3289 659 3338 dedi·
700 3289 746 3338 lib.
757 3304 790 3338 rr.

124 3365 231 3429 derunt.
258 3370 318 3417 Vid.
338 3368 459 3417 Marcell.
476 3369 502 3417 in
522 3366 659 3424 Chronico,
732 3366 807 3417 ‘Aut
817 3366 873 3417 boui
883 3363 998 3427 condit]
1015 3365 1151 3430 Frequens
1162 3364 1229 3431 apud
1259 3381 1263 3395 ·

128 3443 204 3494 Oros.
214 3458 265 3492 vir.
275 3449 316 3492 34.
698 3444 810 3494 Tullium
819 3443 943 3508 loquendi
954 3441 1054 3491 rnodus.
1073 3445 1081 3470 ‘
1093 3443 1161 3492 Boni
1172 3458 1230 3493 eon·

158 3528 171 3562 t
188 3519 326 3583 Saracenis]
344 3521 468 3570 Saraceni
486 3519 576 3584 populi
592 3518 657 3570 Ara·
697 3520 857 3583 sulere,'aeu
877 3520 963 3583 ‘aqui
981 3519 1094 3583 bonique
1114 3520 1229 3570 conante·

127 3596 178 3646 biae
190 3597 282 3646 felicis.
697 3596 745 3647 re!

157 3682 168 3708 ¹
186 3675 343 3725 interdictum
362 3673 460 3738 Scythis
479 3673 592 3738 Tanaim]
613 3675 658 3726 Ita
730 3675 857 3738 ¹'lprer'iie
868 3673 925 3737 rer]
943 3669 1116 3734 Artaxerxes,
1127 3674 1229 3724 sieeali·

127 3749 208 3799 refert
220 3751 298 3801 Oros.
313 3765 363 3800 vir.
376 3754 417 3799 sl.
430 3758 457 3798 et
469 3751 583 3799 Zonaras
596 3760 658 3801 tom.
698 3765 728 3799 ns
745 3749 805 3808 t’uit,
817 3751 861 3814 qui
882 3746 1038 3798 Ricbornere¹
1058 3755 1086 3798 et
1103 3749 1226 3800 Clearebo

127 3842 172 3878 111.
184 3828 277 3878 Annal.
298 3829 402 3891 Duplex
412 3836 497 3877 autem
506 3829 658 3877 eat'l'anaia:
698 3841 764 3876 coss.
777 3841 823 3889 per
835 3829 934 3890 legatos
946 3840 1003 3875 curn
1016 3825 1168 3875 muneribus
1175 3827 1227 3874 mis·

125 3906 192 3954 alter
204 3906 230 3953 in
242 3906 386 3966 Marruvia,
398 3905 440 3969 qni
458 3905 550 3975 Asiam!
560 3905 593 3954 ab
604 3906 655 3954 En·
697 3920 748 3967 roa,
757 3919 845 3966 pacem
855 3903 1155 3966 a'llreodosiopetiit,ut
1163 3907 1228 3955 ainnt

125 3997 188 4044 ropu
198 3983 315 4031 dividens
328 3984 352 4031 in
367 3983 486 4045 paludem
505 3983 656 4031 Moeoridem
696 3981 817 4031 Socrates
836 3981 880 4028 lib.
894 3994 920 4029 v.
938 3980 1109 4029 Marcellinus
1129 3983 1226 4044 Comes,

125 4072 152 4105 se
165 4070 306 4120 exonerat3
324 4062 391 4108 alter
403 4060 428 4108 in
444 4059 550 4124 Scythia
562 4059 655 4109 Orien·
697 4067 724 4107 et
739 4057 874 4108 claudian.
887 4055 920 4106 de
934 4071 972 4106 vr.
983 4057 1089 4106 Conarrl.
1101 4058 1225 4108 Honorii:

126 4137 181 4195 tali,
190 4140 233 4199 qni
241 4153 271 4186 ex
283 4137 542 4201 Parapanriaornonte
550 4136 575 4184 iu
585 4151 657 4186 mare
697 4137 834 4200 ‘missique
843 4145 960 4200 rogatum
972 4134 1083 4186 Foedera
1090 4136 1224 4189 Persarum

30 4223 33 4231 ⁴
126 4209 247 4277 caspium
261 4210 373 4280 profluit.
406 4213 492 4280 Atque
510 4213 532 4263 ir
551 4211 656 4279 quidem
697 4212 898 4280 proceres,'&e·
