2730 4726
313 330 485 381 orssnnr.
508 328 559 379 nn
585 329 807 381 nannnmnr
834 332 969 385 nauso.
1099 316 1188 385 112³

80 472 222 541 Juliano
238 489 356 559 semper
371 473 524 561 Angusto.
571 474 625 538 De
641 493 708 558 quo
723 474 926 541 Mamertino
947 477 1014 541 alio
1035 483 1185 561 ternpore

82 598 236 659 agemus.
269 578 454 643 Undecimo
474 578 552 642 loco
573 584 676 655 extat,
693 587 791 661 prout
811 579 859 643 ibi
881 580 1082 658 inscribitur,
1101 578 1187 644 Gens

52 736 56 740 .
82 678 194 744 timaei
211 678 358 744 Rhetoris
384 678 494 763 optimi
517 678 734 766 Panegyricus
754 679 853 744 dictur
877 679 965 745 Divo
989 681 1187 751 Maximiano

83 780 240 868 Augusto.
288 780 359 846 llic
373 793 427 846 est
447 783 504 846 ille
525 784 600 866 ipse
618 784 857 867 Panegyricus,
873 786 998 868 dequo
1013 804 1102 852 nunc
1117 789 1186 871 agi·¹

82 901 174 962 mus,
194 890 229 949 et
245 885 342 969 cujus
365 884 430 950 boo
453 891 507 949 cst
527 886 679 951 initium:
701 886 812 952 ‘Cum
833 889 989 971 omuibus
1003 888 1102 952 fastis
1118 889 1188 954 die-

83 984 161 1063 bus,
182 988 415 1052 sacratissime
438 988 630 1071 imperator,
656 987 777 1052 debeat
801 988 910 1052 honos
935 994 1043 1055 vester
1064 991 1189 1055 divinis

83 1090 185 1153 rebus
214 1086 363 1172 aequam’
394 1092 455 1153 &a
506 1086 605 1153 Alias
635 1090 827 1171 inscribitur
855 1089 909 1153 bic
941 1089 1188 1175 Panegyricus:

15 1225 19 1234 ·
86 1188 222 1255 Claudii
239 1189 426 1254 Mamertini
442 1188 670 1276 Panegyricus,
696 1189 894 1254 Maximiano
910 1189 1063 1255 Herculeo
1077 1192 1188 1260 dictas.

83 1293 249 1376 Sequitur
273 1292 476 1358 duodecimo
498 1295 576 1357 loco
600 1294 689 1358 alius
711 1294 950 1377 Panegyricus,
967 1313 1043 1358 cum
1058 1295 1121 1360 bac
1137 1298 1188 1360 iu-
1240 1328 1243 1331 ·

83 1396 284 1479 scriptione:
312 1392 529 1481 Panegyricus
553 1394 690 1461 Maxim.
704 1404 732 1459 el
753 1394 953 1460 Diocletiano
963 1395 1067 1479 finit(
1079 1396 1192 1481 incipit

82 1495 250 1561 eorundem
271 1494 526 1560 Genethliaaas..
548 1496 655 1580 Cujus
684 1497 749 1562 hoo
778 1506 832 1562 est
862 1499 1012 1563 initium:
1035 1498 1190 1564 ‘Omnes

83 1599 221 1684 quidem
245 1600 408 1677 homines,
430 1600 660 1664 sacratissime
683 1599 890 1683 imperator,'
909 1605 970 1667 inc.
1017 1601 1115 1667 Alias
1137 1603 1187 1665 in·

83 1702 260 1767 scribitur:
285 1700 434 1786 Py‘nsdem
450 1699 638 1764 Mamertini
658 1698 874 1786 Panegyricus
890 1700 1086 1765 Maximiano
1103 1702 1187 1767 Her·-

82 1802 170 1868 calao
185 1802 300 1867 dietae
318 1803 489 1870 Praeterea
500 1803 671 1888 quondam
686 1804 849 1868 beneficio
859 1803 883 1868 J
885 1824 917 1868 o.
929 1803 1057 1870 Alberti
1072 1806 1190 1871 Fabri·

83 1908 142 1985 cii,
153 1907 218 1972 viri
232 1906 336 1970 etiam
352 1913 429 1990 posi
443 1924 599 1991 suprema
612 1907 683 1970 fata
698 1905 1032 1970 bonorificentissime
1047 1927 1189 1971 comme
1205 1951 1208 1954 -

83 2008 250 2085 morandi,
275 2009 434 2092 excerpsi-
464 2016 642 2094 sequentes
663 2009 751 2073 duos
776 2008 881 2073 libros
906 2027 981 2072 cum
1010 2008 1192 2074 codicibus

84 2110 176 2175 Mss.
191 2110 347 2188 collatos,
364 2128 504 2193 quorum
521 2113 669 2194 primus:

130 2211 172 2278 C.
188 2213 291 2279 Plinii
305 2211 401 2278 Gaea·
414 2212 492 2278 Sec.
508 2213 698 2297 Epistulam
721 2218 754 2277 et
772 2212 923 2296 ejusdem
948 2213 1049 2276 Plinii
1066 2232 1107 2277 ae
1122 2212 1192 2277 Pa·-

84 2316 168 2390 eati,
194 2315 400 2393 Mamertini,
425 2312 459 2381 N
463 2316 564 2380 aaarii
587 2315 798 2400 Panegyrici,
824 2319 886 2380 &a
924 2314 1058 2379 Excud.
1080 2314 1193 2379 Hem:

85 2418 293 2501 Stephanus,
309 2436 395 2482 anno
413 2427 554 2481 mnxcr.
566 2417 602 2480 in
614 2417 667 2482 12.

128 2519 227 2584 Alter
251 2519 488 2602 complectitur
512 2533 586 2583 xm.
613 2518 843 2610 Panegyricos
861 2518 1016 2596 Veteres,
1039 2519 1080 2582 ad
1104 2519 1193 2583 antis

84 2638 202 2707 qnam,
222 2638 292 2706 qua
306 2622 499 2700 editionem,
516 2641 585 2706 qua
604 2624 804 2706 scripturam
828 2623 967 2686 infinitis
980 2621 1067 2685 locis
1082 2641 1189 2686 aaron·

88 2727 191 2791 datos
215 2730 252 2789 et
273 2732 410 2806 auctos3
433 2725 573 2790 antebac
589 2724 727 2809 quidem
747 2743 814 2808 ope
837 2724 990 2801 Livineii,
1005 2742 1093 2786 nunc
1107 2736 1195 2787 vero‘

86 2846 195 2911 opera
207 2825 231 2890 J
234 2826 290 2890 ani
305 2823 461 2892 Gruteri:
483 2831 606 2910 praeter
626 2845 767 2910 quorum
789 2834 888 2891 notas
911 2826 1010 2888 etia·
1026 2824 1190 2888 accedunt
1320 2815 1322 2822 ’

85 2928 294 3013 conjecturae
329 2925 485 2992 Valentis
517 2926 674 3006 Acidalii,
713 2934 747 2992 et
780 2927 928 2992 Conradi
959 2925 1189 2991 Rittershusii.

87 3030 303 3096 Franeofnrti
327 3047 587 3095 annonocvn.
609 3030 644 3094 in
667 3030 720 3094 12.
1120 3023 1124 3034 '

129 3234 281 3318 Uterque
302 3233 360 3300 bio
384 3235 478 3309 liber,
502 3241 540 3300 ut
559 3234 660 3299 modo
683 3234 841 3313 diximus,
867 3235 1011 3299 collatus
1036 3241 1088 3300 est
1112 3254 1187 3300 oum

86 3337 274 3403 codicibus
283 3333 370 3403 Mas.
390 3379 392 3383 -
415 3337 503 3402 Cum
518 3358 598 3403 vero
617 3346 761 3422 uterque
780 3339 813 3402 in
830 3337 986 3402 Gudiana
1003 3337 1187 3402 Bibliothe-

86 3438 316 3522 ea-quanrlam
336 3439 506 3520 estiterlty
526 3438 603 3504 binc
619 3434 880 3522 Stephanionem
901 3438 1089 3503 editionem
1102 3441 1189 3505 infra

87 3540 301 3624 appellamus
313 3539 433 3605 librum
452 3541 594 3624 primum
611 3540 824 3621 Gudianum3
848 3539 1080 3606 Gruterianam
1096 3560 1188 3619 vero,
1245 3586 1247 3590 -

85 3643 208 3709 librom
224 3643 364 3708 alterum
380 3641 587 3708 Gudianum.
632 3641 686 3707 Ac
706 3645 786 3727 quia
804 3643 875 3728 jam
899 3663 942 3707 ex
960 3635 1106 3708 Pliniani
1122 3643 1188 3707 Pa·

86 3745 236 3830 aegyriei
265 3745 467 3810 lectionibus
497 3745 705 3810 variantibus
732 3745 1042 3823 animadvertimus,
1066 3765 1126 3809 eas
1151 3745 1188 3808 in

86 3845 322 3911 Grnierianum
347 3847 521 3928 exemplar
548 3863 592 3911 ex
622 3845 692 3910 Ms.
719 3845 892 3925 Gudiano,
924 3839 981 3931 qui
1009 3846 1108 3910 bodie
1136 3852 1192 3912 est

86 3947 418 4032 Guolpberbytaaas,
433 3947 614 4013 translatas
629 3949 734 4013 fuisse
751 3950 784 4012 in
807 3949 873 4013 boc
893 3951 1000 4033 ipsum
1017 3949 1192 4032 exemplar

86 4049 350 4130 Grutarianum
370 4050 471 4114 facile
493 4050 707 4135 conjicimus,
732 4053 833 4116 eiiam
860 4052 1060 4135 reliquorum
1080 4051 1187 4116 Pane-

86 4153 274 4237 gyricomm
301 4150 467 4218 variantes
496 4152 658 4218 lectiones
683 4173 728 4218 ex
750 4153 1055 4237 Guolpbcrbytano
1070 4143 1192 4219 codice·

86 4253 233 4320 lisbio
259 4254 410 4339 reperiri.
