2730 4726
415 335 685 387 eonsrnurruo
710 338 800 387 nuc.
838 336 906 386 ru.
927 320 981 387 21.
1156 325 1243 393 13⁷1

138 484 170 551 3.
180 483 255 558 -Iin,
265 480 358 566 quod
372 479 417 547 ad
430 481 594 565 pietatem
606 487 696 546 tuam
705 482 862 566 pertinet,
875 481 1076 564 Imperator,
1087 487 1121 549 et
1135 483 1244 568 iilum,

138 594 316 662 etomnes,
328 580 620 668 qnosreceperat,¹
632 586 825 649 reservasti.
842 585 915 648 Sibi
930 585 1081 668 imputet,
1088 588 1245 673 quisquis

139 690 194 754 uti.
207 688 321 753 noluit
335 685 502 751 beneficio
516 693 589 764 ino,
603 704 666 753 nec
681 707 717 752 se
733 688 864 770 dignum
880 687 952 751 vita
971 685 1149 771 judicavit,
1165 704 1243 758 cunt

139 809 202 872 per
214 794 249 854 te
262 789 388 863 liceret,
404 796 443 854 ut
457 787 601 854 viveret:
625 794 672 866 tu,
687 788 777 873 quod
794 787 918 853 sufficit
929 790 1147 856 conscientiae
1162 800 1242 873 tuae,

139 892 246 959 etiam
261 909 334 955 oon
358 891 561 955 merentibus
581 891 777 974 pepercisti.
820 891 853 954 4.
875 891 946 955 Sed
968 891 1107 973 ignosce
1120 893 1244 976 dicto,¹¹²

138 1013 206 1059 non
222 994 337 1058 omnia
350 999 468 1077 potes:
491 991 549 1057 Dii
568 1002 602 1058 te
617 993 790 1059 vindicant
806 1001 839 1058 et
854 994 1003 1061 inritum.

180 1095 275 1162 Gur.
297 1111 384 1161 xxr.
426 1093 460 1164 l·
482 1093 586 1174 Quod
609 1096 747 1180 quidem
773 1096 872 1161 nobis
897 1114 1029 1180 semper
1057 1097 1242 1181 optendunt

139 1205 204 1278 est,
214 1206 450 1283 utprosperos
463 1196 591 1262 habeas
600 1198 701 1262 etiam
712 1198 798 1261 ultra
813 1202 962 1262 tuavota
977 1218 1170 1277 successus,
1184 1203 1242 1284 qui

139 1314 274 1372 omnem
290 1321 386 1386 spem
410 1301 446 1364 in
469 1301 596 1383 gremio
619 1299 805 1383 majestatis
830 1305 897 1364 tuae
921 1301 1135 1383 ponimus,et
1150 1309 1240 1369 tuam

138 1405 266 1488 ubique
280 1403 505 1487 presentiam,
521 1403 620 1486 quasi
637 1402 709 1465 dari
718 1402 838 1484 possit,
852 1403 1053 1486 expetimus.
1096 1405 1128 1468 2.
1152 1404 1241 1471 Ecce

138 1508 242 1584 enirn,
255 1506 332 1570 dum
345 1505 483 1570 aiimite
493 1511 507 1540 ¹¹
521 1505 699 1589 paulisper
713 1504 943 1583 abscesseras,
953 1507 1077 1588 quibus
1087 1526 1125 1570 se
1141 1514 1241 1572 terro·

137 1609 477 1675 ribusbarbarornm⁰
493 1607 633 1691 perfidia
643 1607 834 1692 jactaverat
849 1607 992 1686 scilicet,
1002 1609 1082 1673 dum
1098 1609 1163 1674 sibi
1179 1611 1242 1676 illa

136 1717 355 1796 proponunt,¹
385 1711 521 1793 qnando
545 1711 741 1795 pervenisti
765 1710 900 1795 quando
926 1709 1086 1776 vincetip
1107 1713 1241 1796 quaudo

136 1815 266 1879 fessum
283 1814 416 1878 reducet
427 1815 639 1879 exercitum?
656 1834 733 1878 cum
748 1821 895 1897 repente,
912 1815 1028 1878 audito
1044 1815 1150 1879 reditu
1167 1824 1240 1894 too,

136 1918 232 1983 reiut
246 1917 384 1988 attoniti
396 1917 626 1997 conciderunt,
637 1937 677 1982 oe
690 1926 782 1981 tuom
793 1937 854 2000 pro
865 1917 1038 2001 republica
1047 1925 1160 1982 votum
1172 1938 1239 1982 am·

135 2004 240 2103 plius,
252 2038 353 2104 qnam
369 2020 470 2083 nnius
485 2020 607 2097 noctis,
617 2038 695 2085 cura
708 2017 896 2100 tetigisset!
918 2019 950 2083 3.
964 2018 1133 2082 Postridie
1149 2020 1240 2103 enim

135 2143 250 2207 quam,
265 2129 407 2205 accepto
422 2122 482 2187 illo
498 2124 630 2201 nuntio,
645 2123 843 2205 geminatum
861 2121 988 2185 itineris
1005 2122 1151 2186 laborem
1166 2141 1238 2186 sns-

157 2275 178 2309 ⁴
196 2267 279 2324 Quom
289 2267 401 2334 terrificis
410 2264 483 2315 minio
496 2269 675 2314 retentaverunt
692 2280 717 2314 re
728 2248 795 2314 nobie
803 2267 891 2331 perfidi
903 2266 1009 2330 barbari,
1020 2268 1076 2317 rium
1091 2282 1168 2317 seeum
1180 2232 1240 2316 iilud

135 2338 261 2396 reputant.
303 2356 307 2363 ·
560 2377 563 2383 ,
658 2360 660 2365 .

164 2396 178 2431 i
195 2399 262 2448 Pius
272 2410 320 2447 nnc
330 2401 399 2447 nocte
409 2401 434 2446 te
444 2395 563 2444 solicitum
573 2394 662 2445 tenuit.

594 2502 777 2524 mannen

132 2591 186 2640 dire
197 2586 314 2639 curum·
346 2587 461 2650 (iosiph,
472 2589 573 2638 inverso
584 2586 686 2644 ordine,
702 2593 754 2637 tuos
765 2602 854 2637 serras.
888 2590 960 2646 Mox,
971 2591 1027 2650 sere
1044 2606 1111 2640 nemo
1127 2589 1239 2652 Grreipb.

134 2655 253 2705 Rhenao.
268 2653 360 2716 Stepb.
381 2653 464 2704 Lirin.
482 2656 515 2703 ai.
532 2660 595 2703 vett.
606 2660 633 2701 et
645 2653 730 2703 Riviu.
742 2658 765 2702 l.
781 2653 852 2713 ferro
867 2669 934 2704 nemo
949 2656 1051 2705 berun.
1069 2658 1134 2706 Erre.
1157 2656 1238 2719 berg.

133 2721 199 2771 Fue.
219 2719 363 2770 Schonbor.
384 2719 490 2781 Cuspio.
509 2718 587 2768 Grot.
608 2724 636 2766 et
656 2723 816 2768 recente-i
834 2719 935 2769 Acidai.
951 2722 1019 2784 conj.
1035 2736 1091 2784 quos
1108 2723 1239 2784 deceperat.

133 2785 217 2835 lirin.
230 2784 300 2847 conj.
316 2785 520 2833 censensu-4
537 2783 669 2845 ‘Guelpb
679 2783 821 2843 tejndicont
834 2785 907 2834 etiam
917 2785 1017 2834 invitam
1025 2803 1034 2844 ,·
1047 2786 1093 2835 sed
1106 2788 1237 2849 rotgerum

133 2858 226 2899 tuetur
237 2849 330 2898 Paesti
343 2850 424 2905 locus,
441 2849 506 2897 ‘Tui
520 2855 546 2896 te
558 2848 700 2910 vindicent,
711 2857 738 2897 et
750 2848 889 2898 inritum.⁸'
905 2848 993 2900 Arne.

163 2915 301 2965 Cnnxrrr.
319 2919 332 2963 1
345 2914 412 2963 Edd.
425 2913 583 2963 anteArntz.
596 2928 694 2969 omnes,
705 2916 769 2963 uitro
780 2920 851 2972 τοίας
862 2914 1001 2964 Gnd.Vet.
1013 2915 1124 2964 Puteao.
1135 2914 1237 2964 Bertin.

132 2981 197 3030 altro
208 2985 253 3029 iao
264 2979 443 3029 eota.-2Vet.
451 2979 512 3028 Pot.
525 2985 548 3028 te
558 2978 696 3028 terroribus.
713 2979 842 3042 ‘Goeipb
855 2981 947 3043 quondo
955 2980 1133 3044 murmurant
1144 2981 1238 3035 vincet:

132 3046 217 3103 meie;
237 3045 343 3106 respicit
355 3044 423 3092 enirn
438 3043 501 3092 iilud
518 3045 662 3105 vulgatum,
676 3044 683 3070 ‘
697 3045 755 3092 veni
775 3043 858 3094 vici.”
873 3045 962 3095 Arate.
995 3048 1087 3108 qonndo
1100 3045 1238 3109 proveniet?

130 3111 224 3173 qundo
234 3111 329 3158 aeaut?
345 3109 454 3171 Cuspio.
469 3109 553 3158 Rbeu.
565 3106 753 3173 Steph.'Livin.
767 3104 851 3159 Rivis.
865 3114 889 3158 1.
900 3119 926 3158 et
939 3110 972 3160 al.
985 3117 1050 3160 vett.
1067 3114 1158 3174 qnando
1176 3127 1201 3174 p.
1213 3118 1238 3174 ς’.

130 3175 209 3225 cincei
222 3174 285 3222 Vei.
294 3174 377 3224 Lirin.
385 3175 488 3223 Bertin.
497 3173 608 3224 (irritet
616 3181 728 3224 recenti.
745 3189 787 3224 nec
799 3180 864 3224 tunm
876 3174 936 3224 edd.
944 3183 1007 3224 vett.
1015 3191 1051 3225 me
1062 3182 1126 3225 tuum
1136 3175 1238 3224 Bertinr

130 3253 159 3289 ne
176 3245 248 3290 inan
265 3239 379 3304 Guetph.
396 3239 482 3290 Moeri.
501 3246 529 3288 et
547 3238 607 3290 edd.
628 3247 742 3291 receutt.
760 3241 842 3301 tetigit
857 3241 918 3293 edd.
931 3250 993 3290 ante
1009 3240 1100 3290 Arutz.
1117 3242 1237 3304 tetigisset

627 3344 734 3423 uerte

160 3451 398 3516 ¹iinmeerperut]
415 3449 547 3512 Fortasse,
558 3452 664 3514 quoeris·
703 3451 760 3514 ipso
772 3451 853 3501 invito
870 3452 1009 3515 contigisse
1025 3453 1070 3503 ait.
1103 3455 1186 3506 Quem
1198 3455 1236 3505 lo.

128 3525 310 3594 epirotnlta
327 3525 555 3591 placetricideiio.
588 3528 664 3579 Facit
703 3543 762 3578 cunr
793 3543 867 3592 pene
899 3531 1036 3594 exscripsit
1065 3532 1179 3582 Paretur
1208 3533 1234 3582 io

130 3620 175 3670 pro
188 3605 239 3655 iiia
253 3605 403 3669 conjectura
415 3603 442 3652 id
454 3604 521 3668 qrrod
534 3612 575 3654 est
587 3620 664 3667 supe·
703 3604 845 3654 Theodosii
864 3606 965 3669 Peneg.
982 3622 1007 3657 c.
1020 3612 1062 3657 44.
1079 3609 1146 3670 ‘Sed
1168 3608 1235 3668 bene

129 3683 196 3735 rios:
218 3683 273 3732 ‘Ut
287 3681 424 3731 indoctiio
437 3679 557 3731 fraudem
568 3682 664 3732 milites
704 3689 754 3738 est,
773 3682 841 3746 quod
863 3698 913 3733 non
932 3686 1017 3733 omnia
1036 3693 1124 3751 poter:
1146 3686 1184 3735 tui
1208 3695 1234 3735 re

128 3756 273 3824 paenitendi
286 3764 388 3820 tempus
400 3756 600 3821 acciperent!—
704 3757 1011 3810 vindicantetinritum.’
1184 3801 1185 3804 ,
1227 3812 1231 3819 ,

157 3843 177 3871 ¹²
194 3835 248 3886 See
263 3834 358 3896 ignosce
379 3833 456 3897 dieto]
476 3832 604 3883 Mirificae
624 3835 662 3884 lo·
734 3843 746 3867 ¹¹
764 3835 886 3899 Atimite]
903 3836 1022 3886 ARheni
1037 3837 1169 3887 limitibus.

127 3924 179 3970 ona,
190 3919 231 3972 et,
242 3911 264 3960 ai
276 3911 334 3975 quis
346 3911 412 3961 atius
428 3919 478 3972 eet,
489 3909 592 3960 artificii
607 3911 662 3975 pie·
733 3918 745 3944 ⁰
762 3910 936 3974 Barbarorum]
953 3913 1118 3961 Francorum.
1199 3945 1201 3951 ,

127 4002 189 4039 ntro.¹
218 3987 366 4040 Quieenim
377 3985 662 4036 &nstantiuurMaxta
735 3987 868 4041 tonando
891 3987 979 4050 uincet]
1006 3986 1156 4037 Adulatorie
1179 3990 1233 4051 die

127 4063 662 4126 nircumsecreverestrangulariJune
701 4066 771 4110 turn:
804 4064 878 4126 qrrasi
903 4063 1072 4112 Constantino
1100 4080 1175 4114 norun
1204 4074 1233 4118 et

127 4148 178 4207 rat,
195 4145 243 4191 aut
256 4140 364 4204 jussisse
383 4138 549 4193 credebatur,
568 4153 659 4191 necem
699 4138 767 4199 idem
788 4137 973 4204 institutique
994 4141 1128 4206 pervenire
1148 4153 1175 4196 et
1194 4145 1234 4209 ibi

127 4218 193 4270 banc
203 4217 322 4268 Deorum
334 4216 425 4266 ultioni
439 4213 570 4279 attribuit,
580 4221 659 4280 etque
701 4216 816 4269 sincere.
