2730 4726
372 663 861 766 PANEGYRICUS
913 676 1004 766 IV.

462 1360 711 1440 EUMENII
755 1363 904 1440 VITA.

132 1609 356 1707 Euarestus
379 1641 506 1724 origine
523 1641 667 1708 Graecus
683 1642 716 1708 in
732 1640 855 1707 Galliis
876 1650 973 1707 natus
995 1648 1048 1708 est
1062 1641 1234 1726 Augusto-

130 1744 234 1809 duui:
259 1762 329 1828 qua
350 1743 395 1809 in'
406 1746 500 1822 urbe,
515 1745 724 1829 temporibus
739 1745 808 1809 iltis
823 1745 1067 1825 florentissima,
1082 1755 1116 1810 et
1129 1748 1233 1812 boua-

129 1865 203 1910 rum
220 1850 339 1911 artium
356 1848 446 1912 velut
460 1848 552 1925 sede,
569 1848 807 1932 ipsePan.1v.
824 1849 877 1914 17.
893 1854 1011 1914 ‘avum
1028 1868 1138 1925 suum,
1154 1869 1234 1915 cum

130 1953 223 2012 esset
238 1951 454 2032 octogenario
464 1953 584 2035 major,
593 1951 761 2034 quondam
775 1948 954 2028 docuisse,'
970 1951 1029 2027 ait,
1045 1951 1232 2015 ‘hominem

131 2049 275 2116 Athenis
296 2063 418 2131 ortum,
449 2052 571 2118 Romae
596 2052 653 2116 diu
684 2052 859 2128 celebrem,
881 2070 963 2114 mox
987 2053 1020 2116 in
1047 2052 1123 2134 ipsa
1147 2053 1232 2115 urbe

129 2161 307 2237 perspecto
323 2161 356 2219 et
372 2156 515 2237 probato
527 2156 694 2220 homiuum
708 2174 820 2219 amore
830 2153 1115 2238 doctriuoe,atque
1132 2152 1234 2238 hujus

129 2255 242 2339 ipsios
259 2258 370 2340 operis
384 2253 600 2322 veneratione
614 2256 809 2321 detentum?

175 2355 255 2440 [pse
270 2376 347 2422 cum
363 2359 398 2422 in
413 2358 492 2422 aula
507 2359 695 2423 Constantii
710 2359 824 2424 Chlori
840 2359 986 2426 Caesaris
1001 2366 1087 2425 esset
1109 2361 1232 2442 magis·

127 2467 180 2524 ter
205 2480 311 2526 sacrae
334 2462 516 2539 memoriae,
539 2462 573 2527 id
598 2470 661 2540 est,
677 2463 799 2527 lib'ellis
819 2472 854 2528 et
877 2464 1031 2547 epistolis
1053 2463 1231 2540 faciendis,

129 2562 373 2647 signandisque
401 2566 573 2648 rescriptis
601 2573 775 2648 praeesset,
814 2575 910 2632 tanta
938 2573 1014 2630 c'um
1045 2566 1167 2647 ingenii
1196 2573 1232 2629 et

127 2665 329 2748 eloquentiae
360 2668 556 2749 praestantia
584 2669 828 2751 amplissimum
857 2669 939 2733 illud
968 2668 1085 2752 palatii
1101 2685 1231 2732 munus

124 2769 224 2846 obiit,
248 2775 283 2833 ut
307 2770 342 2832 in
371 2770 593 2835 AEduensium
617 2770 805 2835 scholarum
829 2770 1049 2835 moderatoris
1062 2767 1233 2836 demortui

126 2869 238 2934 locum
256 2891 275 2934 a
292 2872 493 2937 Constantio
510 2872 666 2938 suffectus
682 2873 735 2936 sit.
780 2871 821 2936 In
843 2871 938 2956 cujus
962 2870 1008 2935 rei
1034 2870 1120 2934 actis
1143 2868 1231 2933 Con«

127 2973 275 3036 stantius
291 2973 443 3038 Eumenii
458 2974 687 3058 eloquentiam
703 2981 736 3038 et
751 2974 949 3057 gravitatem
966 2971 1185 3046 commendat,
1197 2975 1232 3039 et

127 3075 297 3156 geminata
313 3074 386 3158 ejus
401 3076 573 3158 pensione,
597 3095 744 3141 sexcena
769 3076 876 3140 millia
902 3094 1068 3140 nummum
1084 3074 1161 3151 (hoc
1177 3081 1231 3138 est

126 3175 248 3241 26250.
265 3177 368 3241 libras
385 3177 584 3254 Francicus)
599 3178 631 3240 ei
657 3197 718 3259 pro
747 3177 873 3241 salario
895 3176 1057 3252 attribuit,
1082 3191 1231 3257 cap.1v‹

126 3277 242 3357 Quam
267 3280 421 3361 pecuniae
446 3297 608 3342 summam
636 3277 765 3343 Caesari
789 3280 971 3343 obsecutus
993 3276 1129 3365 accepit
1154 3277 1230 3360 qui-

127 3382 217 3460 dem,
233 3388 271 3445 ut
285 3383 359 3466 ipse
376 3383 434 3455 ait,
456 3386 639 3464 ‘quantum
656 3379 699 3443 ad
714 3379 871 3444 honorem
888 3375 1085 3461 spectabat,’
1100 3396 1129 3442 c.
1145 3393 1229 3453 xvi,

127 3504 201 3549 eam
215 3504 293 3548 vero
307 3484 349 3548 ad
360 3483 585 3548 AEduensium
600 3481 790 3546 scholarum
806 3480 1081 3547 instaurationem
1099 3480 1229 3564 impen-v

128 3586 229 3650 dendi
247 3592 450 3669 potestatem
467 3584 533 3649 sibi
549 3583 631 3662 fieri,
659 3584 776 3648 habita
797 3603 871 3649 eam
889 3584 922 3647 in
939 3603 1007 3647 rem
1023 3582 1086 3646 hac
1099 3582 1230 3663 elegan-

127 3689 259 3753 tissima
273 3688 438 3762 oratione,
461 3685 569 3769 petiit.
613 3684 836 3751 Numerosam
860 3685 927 3749 sibi
949 3683 1100 3748 sobolem
1123 3683 1229 3746 fuisse

126 3796 268 3854 testatur
284 3788 368 3852 Pan.
387 3789 526 3852 v11.23.
549 3787 608 3851 ubi
622 3806 785 3852 conversa
800 3786 842 3850 ad
859 3784 1114 3850 Constantinum
1132 3783 1227 3866 Mag-

126 3911 203 3956 num
220 3893 387 3956 oratione:
405 3898 414 3925 ‘
431 3888 621 3966 Maximas,'
634 3889 757 3972 inquit,
774 3889 922 3952 ‘numiui
939 3896 999 3954 tuo
1017 3886 1141 3967 gratias
1152 3904 1228 3968 ago,

126 3994 255 4077 tibique
270 3994 360 4077 quod
386 4002 541 4077 superest
554 3991 753 4056 commendo
775 3993 901 4057 liberos
918 4008 1020 4065 meos,
1042 3987 1231 4070 praecipue·

126 4117 193 4181 que
215 4097 309 4161 illum
331 4098 404 4182 jam
420 4117 550 4162 summa
564 4094 640 4160 fisci
656 4094 847 4178 patrocinia
861 4096 1068 4170 tractantem,
1081 4089 1114 4154 iu
1132 4110 1228 4177 quem
