2730 4726
171 365 176 372 ,
229 305 397 359 annana
422 305 559 356 ranno.
584 306 853 360 oorvsrarvrvrro
880 311 1056 363 auo.v11.
1075 297 1110 366 1.
1153 303 1240 370 1348

135 504 138 509 .
170 454 229 504 cap·
239 454 268 491 x.
287 441 473 492 Bructerorum
484 440 549 493 finer
560 441 692 506 iugreaaue
702 457 747 494 eoa
758 444 936 496 internecione
948 446 1030 511 delet,
1040 463 1098 512 cap.
1112 462 1165 501 ιιι.
1187 451 1240 502 Re·

168 521 256 586 liquor
273 520 458 587 Agrippinensi
476 531 556 586 ponte
571 522 641 573 iacto
659 523 697 573 ita
713 529 805 589 terret,
815 534 845 575 ut
856 541 887 575 eo
905 529 949 577 vix
967 529 1033 578 bene
1051 530 1171 580 inchoato
1182 532 1239 596 jam

169 603 304 666 aupplicea
316 603 449 653 obridibne
460 604 555 653 oblatis
568 620 658 669 pacem
671 612 772 668 petant,
781 621 840 671 cap.
853 621 918 658 1111·
944 609 1097 659 Maximiani
1109 612 1172 661 vitia
1183 611 1239 660 obi·

168 689 213 732 ter
223 682 339 745 attingit,
349 685 494 746 praeaertirn
505 687 634 748 ingratam
651 686 707 750 ejur
720 688 745 736 in
758 687 958 739 Constantinum
975 690 1095 751 animam,
1106 705 1165 756 cap.
1181 705 1240 743 xrv.

167 761 330 813 Diocletiani
344 763 401 829 (qai
412 765 514 815 Salouae
527 766 609 816 adbuc
621 768 737 830 privetur
753 768 870 834 vivebat)
881 770 906 819 iu
922 772 1056 833 proposito
1068 773 1240 822 constantiam

168 843 271 907 iaudat,
282 858 341 908 cap.
352 858 398 894 xv.
431 845 532 895 Iterum
545 848 614 897 redit
626 847 660 897 ad
671 849 885 900 Constantinumr
903 865 978 914 quam
992 865 1068 900 carus
1079 849 1159 902 fuerit
1173 854 1240 903 mili·

168 922 251 986 tibas,
262 938 327 987 quon
343 923 377 972 ab
388 938 419 973 eo
436 925 587 975 Maximiani
601 926 726 989 promisca
741 935 767 977 et
785 929 936 992 largitiones
953 945 1063 980 avocare
1081 945 1131 986 aon
1146 941 1239 995 potae·

168 1002 233 1063 rint,
249 1016 308 1067 cap.
325 1016 384 1052 xvt·
417 1005 522 1056 Quanta
541 1007 675 1056 alacritate
692 1008 814 1058 advertar
830 1011 1019 1060 Maximianum
1037 1010 1169 1061 Arelatem
1187 1013 1241 1075 pri·

168 1097 250 1145 ruam,
266 1091 321 1133 tum
336 1084 481 1134 Maaailiam
498 1087 670 1144 convolarint,
681 1102 741 1152 cap.
753 1102 824 1140 xvrt.
858 1086 982 1140 Maaailiae
1000 1093 1170 1155 oppugnatio,
1181 1107 1241 1157 cap.

119 1180 121 1184 ⁷
169 1176 258 1212 xvrn.
293 1164 458 1214 Constantini
475 1180 536 1229 erga
548 1168 629 1218 vietor
647 1169 741 1232 pietur,
758 1185 817 1232 cap.
829 1183 892 1220 xxa.
925 1171 1056 1221 Barbaros
1069 1179 1127 1234 poet
1141 1173 1195 1236 ejas
1211 1173 1238 1223 ia

167 1243 275 1293 Italiam
286 1243 428 1294 discernam
440 1243 606 1311 eruptione·
618 1250 774 1301 meditantes
790 1252 926 1314 repentino
943 1252 1028 1302 reditu
1044 1267 1091 1303 auo
1102 1253 1239 1317 reprimit:

165 1323 215 1373 baa
227 1323 348 1374 victoriae
360 1325 474 1395 Apollini
487 1327 587 1379 tribuit.

133 1404 167 1454 In
179 1403 231 1452 bae
243 1411 318 1467 optat
331 1411 360 1454 ut
371 1405 403 1454 ad
417 1407 550 1458 riaeadnm
562 1409 691 1473 Apolliaia
707 1410 832 1474 templum
850 1410 957 1461 AEdaam
970 1410 1100 1464 divertat:
1118 1412 1155 1464 aic
1168 1413 1237 1463 euim

167 1485 261 1534 urbem
276 1484 351 1538 aimal
370 1485 465 1537 viderit
483 1503 542 1539 esre
557 1489 753 1554 restituendam,
771 1505 829 1555 cap.
846 1503 920 1542 nn.
951 1490 1059 1542 Liberat
1076 1508 1135 1543 aaor
1151 1501 1239 1543 orator

166 1563 321 1627 imperatori
334 1568 509 1626 commendat,
520 1583 577 1633 cap.
587 1583 671 1620 xxrrr.

133 1751 228 1818 Car.
245 1769 271 1817 1.
295 1750 326 1814 l·
344 1735 1235 1848 Flamen,sacratissimetmperat01,qu0opau10

133 1871 214 1929 ante
230 1863 312 1928 mihi
325 1862 475 1946 plerique
487 1868 674 1938 suaserunt,
689 1867 728 1924 ut
739 1861 898 1943 quoniam
913 1861 1236 1944 maJostasiuahanc

131 1964 364 2030 mediocritati
378 1983 463 2028 meae
488 1962 578 2026 diem
596 1962 632 2025 in
651 1961 719 2025 ista
740 1963 902 2026 civitate*
923 1964 1175 2030 celeberrimum
1191 1966 1237 2031 ad

133 2067 314 2132 dicendam
331 2066 492 2143 dedisset,
509 2064 551 2128 de
568 2082 609 2128 eo
621 2065 698 2147 ipso
709 2063 861 2128 ducerem
872 2066 1034 2128 sermonis
1046 2065 1235 2148 exordium,

100 2155 106 2166 ’
130 2169 269 2232 nisime
286 2170 329 2233 ab
343 2168 409 2233 hoo
424 2167 554 2250 duplex
575 2166 661 2229 ratio
684 2170 865 2242 revocaret,
882 2164 1162 2246 considerantem,
1177 2189 1236 2234 ao-

131 2289 199 2353 qae
214 2269 336 2334 madiae
357 2268 467 2335 aeiatis
482 2264 673 2331 homiaemb
694 2271 865 2330 ostentare
878 2267 1000 2332 debere
1023 2269 1169 2334 subitam
1187 2270 1236 2337 di·

121 2369 232 2435 ''ceadi
250 2369 459 2448 facultatem,
476 2387 585 2451 nequo
605 2365 651 2432 ad
665 2385 761 2432 aures
776 2368 860 2433 tanti
876 2369 1021 2434 numinis
1036 2370 1232 2456 quicquam,

590 2546 774 2568 nummu

162 2639 243 2691 Hanc
254 2640 355 2703 Paneg.
366 2637 487 2699 aravium
502 2637 641 2688 ediderant
657 2638 774 2688 Rhenaa.
792 2637 827 2688 H.
841 2638 934 2700 Stepb.
951 2643 980 2687 et
995 2639 1081 2688 Rivin.
1096 2646 1124 2689 et
1140 2639 1235 2689 Incerto

127 2703 271 2755 aacribitur
281 2707 309 2754 ia
321 2705 482 2755 variantibus
493 2717 526 2752 ex
535 2705 648 2754 Pateaa.
659 2717 703 2767 ap.
714 2702 808 2753 Aratu.
831 2703 935 2753 Nomen
945 2703 1057 2753 Eumeaii
1065 2703 1236 2769 praefixerunt

128 2770 219 2821 Liria.
229 2769 262 2818 P.
271 2769 363 2833 Stepb.
375 2769 454 2819 Grat.
466 2776 494 2817 et
506 2775 617 2818 recentt·

163 2834 233 2884 Car.
245 2848 265 2883 1.
299 2839 313 2883 l
332 2834 417 2884 Riviu.
430 2839 458 2883 et
467 2833 528 2883 edd.
545 2840 610 2881 vett.
626 2836 811 2895 percurrerunt:
826 2830 940 2894 Gaelpb.
952 2830 1038 2880 Moeri.
1051 2830 1111 2881 Vet.
1123 2831 1233 2882 Pateaa.

129 2899 195 2949 Vel.
209 2899 292 2948 idria.
306 2899 409 2948 Bertia.
420 2899 504 2949 Paria.
516 2898 631 2948 Pataral.
644 2896 739 2946 Cellar.
752 2897 829 2945 Grut.
842 2903 868 2945 et
881 2901 992 2945 recenti.
1007 2901 1139 2946 masmar.
1172 2897 1233 2948 Vet.

129 2963 217 3013 Liria.
232 2964 296 3015 diem
310 2963 398 3014 redium
417 2962 443 3011 in
460 2963 525 3020 iato,·
543 2960 603 3011 edd.
624 2967 688 3009 rett.
705 2961 767 3009 diem
784 2961 848 3010 dioto
863 2962 889 3008 ia
906 2961 971 3019 iato,·
987 2961 1049 3010 illud
1068 2962 1131 3011 dioto
1146 2961 1235 3012 deleat

130 3027 247 3091 Guelpb·
266 3028 331 3076 tare.
349 3030 424 3077 vora.
444 3028 514 3077 Gad.
531 3026 617 3076 Moeri.
637 3025 813 3074 Liria.Baua.
826 3025 942 3074 Patarol.
954 3025 1088 3088 etJaeger.
1121 3026 1235 3090 Deoipao

128 3091 167 3142 Η.
178 3092 269 3155 Stepb.
279 3099 305 3141 et
318 3091 403 3141 Rivin.
419 3092 449 3140 da
460 3107 486 3140 eo
495 3092 546 3154 ipro
558 3091 618 3140 Vet.
628 3091 742 3140 Patean.
751 3090 815 3139 Exc.
824 3090 970 3140 Scbonbov.
980 3090 1075 3152 aliique
1087 3091 1162 3141 codd.
1175 3105 1234 3142 cnm

127 3156 237 3218 reliquia
249 3156 366 3206 omuibus
377 3156 438 3205 edd.
450 3163 476 3204 et
488 3157 525 3206 alc
536 3156 606 3219 conj.
617 3154 733 3204 Rbeaan.
747 3155 894 3204 consideravi
904 3170 1004 3218 namque
1015 3155 1101 3205 Moerl.
1117 3155 1233 3218 Gaelpb.

128 3226 158 3271 et
176 3221 243 3271 Exc.
254 3221 329 3272 Voss.
347 3221 499 3270 ‘contrario
519 3221 597 3283 plane
614 3217 709 3269 aenan)
730 3220 822 3280 Joeger.
861 3220 997 3282 ‘Vulgata
1015 3226 1115 3267 tantam
1135 3220 1235 3283 proba!

127 3288 220 3338 Arare.
252 3285 473 3348 deberemijeotom
484 3285 571 3334 Mrerl.
603 3284 758 3346 Mox,idem
773 3283 948 3334 codetExc.
958 3284 1235 3342 Vosnomittaatniri.

640 3411 753 3464 Nota:

162 3542 178 3574 *ι
192 3534 473 3601 Dieminiatocioitota]
486 3535 661 3600 opinor'rre·
701 3539 780 3584 aetate
800 3535 883 3598 qualia
905 3548 954 3598 ego
974 3547 1040 3595 rrum,
1060 3533 1233 3596 extemporali

130 3611 394 3676 verenai,cajaetam
411 3612 467 3662 dier
483 3613 576 3660 batalia
593 3613 661 3661 cele·
701 3611 825 3661 oraticula
853 3624 950 3673 genere
978 3610 1017 3659 ati
1047 3623 1098 3658 aon
1126 3607 1232 3658 debere.

128 3687 257 3737 brabatar
275 3696 303 3736 at
318 3686 436 3737 dictarat
454 3694 494 3737 eat
511 3701 569 3752 cap.
588 3700 662 3738 xxiv.
701 3684 789 3736 ‘AEtaa
801 3684 1003 3735 media’dicitar
1015 3685 1068 3741 illa,
1077 3698 1134 3749 qaae
1142 3690 1182 3733 eat
1192 3683 1233 3736 ia-

128 3764 162 3813 Ia
174 3763 232 3813 aliia
243 3771 284 3812 ert
294 3763 357 3812 diem
372 3764 436 3814 dioto
449 3764 476 3813 ia
491 3764 539 3814 isto
555 3763 660 3820 deitate,
701 3768 742 3811 ter
752 3762 890 3825 juventam
903 3767 930 3813 et
941 3768 1083 3811 senectam.
1116 3758 1141 3807 A
1153 3759 1232 3808 trice·

127 3837 173 3888 aad
184 3837 301 3888 voculam
311 3838 389 3896 erari,
401 3852 476 3903 qaam
494 3839 603 3888 areteri
615 3853 660 3888 ex·
701 3839 765 3888 rimo
784 3837 867 3889 ferme
882 3840 993 3890 ramitar
1010 3837 1043 3886 ad
1063 3835 1231 3906 quadrageni·

127 3915 237 3981 emptori
250 3914 340 3965 aberae
352 3916 390 3965 ait
402 3915 544 3980 Livineius,
556 3920 659 3981 ertqua
700 3928 769 3963 marn
793 3929 897 3967 annam.
932 3913 1036 3965 Dicitur
1057 3926 1073 3960 a
1092 3909 1178 3959 Tullio
1196 3910 1230 3960 de

129 3992 415 4055 reipaaobacuritatem
424 3990 660 4043 affertreateatiae.
700 3997 799 4040 aeaect.
815 3995 856 4041 τῦ.
875 3998 939 4042 retae
957 3994 1095 4039 coartans:
1119 3985 1152 4036 ab
1172 3986 1229 4036 aliia

157 4066 279 4118 bMediae
298 4068 379 4119 oetotir
400 4068 528 4134 bominem]
556 4069 589 4119 ld
608 4076 658 4128 est,
699 4064 771 4130 ὄκμὴ,
784 4065 1160 4132 atatnrtgorfflaaeprma.
1219 4097 1224 4109 .

127 4141 258 4194 bominem
280 4156 418 4210 progressa
435 4144 492 4207 jam
514 4150 543 4195 et
559 4149 661 4195 matura
