2730 4726
418 297 695 350 ,cousrsurrrro
719 299 808 352 suo.
847 301 913 350 vu.
935 286 969 351 5.
1156 285 1242 356 1349

142 448 337 534 ornaritque
354 446 621 532 rempublicamt
664 445 697 511 2.
721 445 792 526 Qui
813 449 941 512 ascitus
964 446 1114 530 imperio,
1131 447 1239 529 primo

143 554 293 620 adventu
307 571 369 616 sno
382 549 610 616 innumerabili
624 549 773 614 hostium
786 551 907 614 classe
921 550 1103 614 ferventem
1126 551 1243 614 exclu-

143 658 390 732 sitoceanum,a
409 654 661 736 exercitumque
682 652 788 730 illum,
805 655 863 735 qui
879 652 1106 716 Bononiensis
1121 652 1242 736 oppidi

141 761 240 826 littus
253 757 434 833 insederat,
450 761 534 820 terra
548 757 674 838 pariter
692 775 734 818 ac
755 756 837 819 mari
860 755 978 838 sepsit,
999 774 1073 817 cum
1093 755 1242 837 recipro-

142 881 203 927 cos
225 880 346 926 cursus
369 858 462 924 illius
487 857 653 936 elementi,
672 857 779 939 jactis
798 859 885 921 inter
904 857 1011 921 undas
1027 857 1137 933 vallis,
1153 856 1240 920 dire·

141 965 343 1043 missetat,
364 979 506 1045 quorum
527 965 641 1043 portas
663 959 785 1024 fluctus
804 960 955 1038 allueret,
973 965 1123 1037 marcet,
1148 959 1239 1042 qnod

140 1071 322 1150 tangerent,
344 1063 579 1149 perdidissent.
623 1065 654 1127 3.
678 1062 750 1142 Qui
769 1064 886 1128 eodem
909 1061 1091 1127 exercitub
1114 1063 1236 1127 virtute

141 1176 259 1252 capto,
287 1168 465 1232 elementia
492 1172 703 1244 conservato,
727 1166 805 1230 dum
832 1165 1040 1230 aedificandis
1066 1166 1235 1230 classibus

139 1271 327 1336 Britanniae
341 1269 552 1353 recuperatio
568 1277 789 1351 comparatur,
805 1276 928 1333 terram
944 1269 1149 1346 Bataviam,⁰
1172 1272 1234 1334 sub

138 1373 220 1456 ipso
236 1372 404 1456 quondam
419 1370 555 1435 alumno
568 1367 654 1434 suod
671 1390 691 1434 a
711 1371 853 1436 diversis
866 1370 1066 1435 Francorum
1082 1372 1236 1452 gentibus

140 1482 357 1558 occupatam,
373 1474 462 1538 omni
473 1473 569 1537 hoste
585 1474 749 1556 purgavit,
764 1493 828 1538 nec
843 1480 1021 1538 contentus
1035 1474 1166 1551 vicisse,
1182 1455 1235 1558 ip-

138 1597 197 1644 sas
222 1579 256 1644 iu
279 1577 448 1644 Romanas
471 1577 641 1641 transtulit
664 1577 839 1654 nationes:
862 1584 984 1640 utnon
1004 1576 1231 1656 solumarma,

137 1934 140 1939 ἕ
170 1878 240 1929 Cae.
251 1891 279 1929 v.
304 1876 430 1927 1Bertin.
446 1877 668 1940 urnamque-2
681 1876 730 1932 Qui
747 1876 836 1926 ascitus
855 1877 917 1940 Imp.
934 1875 1039 1926 Puteal.
1060 1877 1174 1925 Rhenan.
1196 1876 1231 1926 ll.

135 1944 230 2008 steph.
241 1952 268 1991 et
280 1943 365 1992 Rivin.
392 1942 522 1992 exeundum
538 1945 578 2005 qui
597 1941 699 1990 Puteal.
717 1941 833 1991 Rheuerr.
845 1942 879 1990 H.
889 1941 981 2005 Steph.
998 1949 1025 1990 et
1038 1942 1125 1990 Ririn.
1141 1943 1233 1991 ranci-

136 2017 190 2060 tsan
201 2006 278 2064 itinn,
287 2007 327 2072 qai
341 2008 402 2057 Vet.
412 2009 524 2056 Puteau.
536 2006 650 2066 Guelpb.
662 2007 745 2056 Lirin.
759 2007 789 2057 P.
800 2007 889 2070 steph.
917 2007 1092 2068 exercitumque
1107 2008 1181 2062 illum,
1192 2008 1233 2070 qui

137 2075 248 2137 Cuspin.
259 2074 337 2124 Grut.
368 2073 590 2136 recipraeorsensas
608 2073 670 2122 Vet.
689 2071 775 2121 Lirin.
792 2073 893 2122 Bertin.
913 2073 977 2121 Exc.
995 2071 1140 2121 Sclronhor.
1150 2079 1177 2120 et
1188 2072 1232 2120 ed.

136 2140 251 2190 Froben.
262 2140 289 2203 iu
305 2139 437 2200 margine3
455 2137 522 2186 uude
533 2137 664 2187 Livineius
676 2136 742 2199 conj.
754 2142 842 2196 estun
859 2137 951 2187 Arntz.
971 2150 1032 2186 vero
1049 2139 1121 2186 malit
1131 2138 1233 2202 fluetus.

135 2205 228 2262 ‘Mum
238 2209 321 2268 portas
328 2201 421 2266 fluetus
431 2203 526 2263 legitur
534 2203 559 2251 lu
571 2201 629 2251 eod.
641 2201 697 2250 Lir.
708 2209 736 2250 et
746 2203 818 2251 Bert.
834 2204 943 2252 adluerat
955 2202 980 2250 iu
993 2202 1075 2265 Lang.
1094 2202 1193 2262 Ceteri,
1204 2210 1233 2252 ut

133 2285 234 2334 qaorum
244 2274 325 2332 partus
333 2267 415 2331 fluctu
424 2269 531 2317 adlueret
541 2283 614 2327 mare,
630 2272 654 2315 et
665 2267 725 2330 qued
736 2272 862 2330 tangerent
870 2267 1035 2331 perdidissent.
1070 2267 1135 2318 Cod.
1145 2268 1232 2317 Moeri.

134 2333 277 2385 coneordat
289 2336 345 2383 Lis.
357 2340 386 2383 et
396 2334 471 2382 Bert.
487 2334 534 2380 uisi
548 2331 656 2396 quadri
675 2337 698 2381 et
712 2343 771 2395 post
782 2349 846 2382 mure
861 2333 965 2387 omittit,
983 2342 1009 2381 et
1030 2346 1077 2395 pro
1098 2339 1233 2394 tangerent,

132 2401 295 2464 perdidissent
306 2396 385 2448 lrabet
404 2403 520 2460 tangeret,
533 2397 685 2460 perdidisset.
719 2399 776 2447 Vox
788 2405 877 2460 portas,
889 2412 939 2447 non
952 2399 1028 2447 modo
1040 2413 1056 2447 a
1066 2398 1151 2448 Paris.
1171 2398 1232 2448 Pet.

135 2467 251 2516 Cellario
259 2467 375 2528 recepta,
385 2464 429 2511 sed
442 2463 519 2512 etiam
530 2478 544 2510 a
557 2464 675 2512 Puteano
686 2477 700 2510 e
712 2465 800 2512 codice
812 2465 894 2513 veteri
905 2465 1005 2526 prolata
1017 2472 1044 2513 et
1052 2465 1161 2528 probata
1171 2463 1233 2521 fnit,

134 2531 257 2582 adductis
268 2529 333 2580 locis
343 2528 443 2590 Paneg.
455 2542 494 2576 ιν.
503 2532 528 2577 6.
539 2529 579 2575 1.‘
592 2527 649 2576 Illis
660 2528 721 2577 alirn
727 2531 790 2578 muri
802 2526 878 2579 iretis
886 2530 1025 2579 diluentem
1036 2538 1124 2592 portas
1133 2530 1232 2579 ademit

134 2597 272 2648 Oceanum
283 2595 302 2655 ς’
312 2602 341 2644 et
351 2595 459 2642 Eumen.
474 2594 575 2655 Paneg.
586 2594 714 2642 Flsriens.
727 2594 838 2651 nomine,
849 2609 900 2643 vrr.
912 2600 937 2645 2.
954 2595 961 2621 ‘
973 2596 1102 2656 Navigere
1113 2592 1230 2655 flumine,

132 2662 206 2725 ipsas
217 2660 372 2726 oppidorum
384 2668 473 2722 portas
485 2657 636 2708 adluentia!
670 2660 710 2707 De
724 2666 813 2710 cetero
825 2674 876 2709 nou
889 2675 996 2710 neeesse
1009 2669 1081 2714 esne
1095 2661 1174 2724 mag.
1184 2674 1232 2723 pro

133 2728 238 2777 adami
248 2725 391 2775 rescribere
403 2725 504 2774 allueret
516 2737 573 2772 cnm
587 2723 721 2782 Livinei03
740 2733 827 2788 potest
838 2726 906 2774 enim
918 2726 981 2774 illud
1002 2724 1158 2788 significare,
1176 2725 1230 2773 ‘al-

132 2793 207 2842 luere
219 2792 283 2842 alias
293 2791 387 2840 soleret
396 2789 413 2849 3⁹
428 2789 589 2852 quaestione
601 2788 685 2837 Lirin.
697 2790 752 2851 ipse
762 2790 791 2839 rb
803 2796 928 2850 tangerent
940 2792 1070 2853 exposuit.
1093 2791 1230 2875 Optimam

131 2856 196 2908 milri
208 2863 237 2908 et
248 2856 402 2906 tutissimum
414 2856 494 2903 visum
508 2861 555 2914 est,
568 2854 680 2903 retinere
691 2854 829 2904 lectionem
841 2856 926 2904 Paris.
939 2856 1000 2904 Pet.
1012 2864 1038 2905 et
1050 2856 1116 2904 Cell.
1136 2856 1228 2916 inger.

131 2923 200 2972 Vide
210 2923 289 2974 Nutt.
301 2922 378 2970 Varr.
393 2933 467 2980 mare,
478 2921 538 2982 quod
548 2920 635 2968 Moerl.
646 2918 759 2984 Guelplr.
770 2930 796 2969 et
809 2922 873 2971 Exc.
885 2921 1009 2969 Vasa-3
1018 2925 1026 2950 ‘
1036 2920 1182 2970 Sebonhov.
1200 2920 1228 2968 iu

131 3002 216 3051 marg.
225 2987 269 3038 ed.
277 2987 393 3036 erennn.
402 2985 734 3047 ascripsitBatauieam,sed
744 2985 1080 3046 nihilmatnndarn.'.leger.
1102 2985 1229 3037 Vatusium

132 3053 249 3116 Guelpb.
264 3060 290 3102 et
300 3053 365 3102 Exc.
381 3051 455 3099 Voss.
466 3049 597 3099 Acidaliae
607 3049 680 3111 legit,
691 3052 733 3099 sab
742 3052 793 3114 ipso
803 3052 895 3113 quidem
906 3051 1024 3100 rnotimine
1035 3066 1086 3100 suo.
1109 3051 1228 3100 erensn.

130 3116 224 3183 Steplr.
237 3118 320 3168 Livio.
331 3126 359 3166 et
368 3115 452 3165 Riviu.
459 3115 606 3164 Francorum
613 3115 833 3178 regumgearitus
841 3131 850 3174 ,·
866 3117 909 3166 sed
925 3117 1022 3178 regibus
1034 3116 1109 3166 deest
1120 3117 1145 3165 in
1166 3117 1227 3165 Vet.

131 3180 502 3236 Puteuu.Vet.Liriu.Bertlu.
510 3180 1227 3246 Bxe.Lung.Exavoss.Exc-Sclronhov.(luelph.etiam

626 3325 735 3378 NO'l'AE

162 3450 176 3477 ⁸
192 3436 303 3490 Eaetuait
313 3433 435 3499 creonam]
455 3431 662 3496 Befixisinpor·
697 3434 780 3485 bullus
803 3434 990 3499 ‘Campaniam
1014 3433 1125 3483 terrem'
1148 3434 1227 3485 dicit:
1272 3467 1275 3473 ·

131 3525 173 3570 tus
184 3515 260 3566 aditu
271 3511 339 3563 suxis
350 3519 378 3561 et
390 3509 515 3571 trabibus,
525 3525 556 3558 ne
568 3510 662 3559 Carau-
695 3504 773 3561 ‘Nou
783 3511 830 3561 tibi
843 3513 865 3561 si
878 3511 990 3576 pretium
1001 3511 1143 3576 Campania
1155 3519 1227 3562 terra

128 3596 160 3645 sii
182 3591 282 3652 elassis,
298 3602 356 3653 qum
373 3599 443 3636 cram
463 3586 530 3635 banc
546 3584 662 3650 tenebar,
697 3586 820 3638 daretur.’
847 3622 853 3634 .

129 3665 337 3722 Bononiensibus
348 3664 434 3714 venire
452 3662 546 3712 auxilio
565 3670 661 3726 posset·
727 3663 858 3715 daromae
878 3667 933 3730 sao]
952 3664 1076 3714 Cerennio
1093 3662 1226 3726 Menapia

129 3750 198 3801 Vide
210 3748 310 3808 Paneg.
322 3756 348 3792 v.
359 3748 385 3792 u.
697 3755 748 3791 non
760 3742 786 3789 in
798 3741 942 3805 Huugarie,
951 3741 996 3791 sed
1009 3740 1034 3790 in
1046 3740 1169 3790 Flaudria
1181 3753 1226 3787 no·

161 3826 175 3860 ¹·
192 3819 406 3882 Eodernecereitu]
424 3818 455 3867 Id
468 3824 516 3873 est,
528 3815 659 3879 praesidis·
695 3825 758 3868 tum.

127 3904 174 3953 riis
186 3915 252 3966 quas
264 3896 403 3948 carausius
414 3896 537 3944 Bononiae
549 3895 659 3944 colloca·
726 3903 738 3928 ⁰
763 3895 793 3943 ln
818 3895 935 3944 Romanas
959 3892 1083 3943 transtulit
1104 3888 1168 3951 nat]
1192 3890 1225 3940 Iu

129 3989 172 4032 rat
185 3979 276 4043 copiis.
695 3974 793 4023 Gallias
814 3974 933 4023 Romanis
950 3973 1087 4034 subjectas.
1110 3979 1173 4031 pute
1195 3976 1225 4019 ut

161 4057 291 4106 cl'srrarn
311 4051 451 4121 Balesium]
470 4049 529 4099 Non
555 4050 659 4100 Batavi·
694 4048 861 4105 Ambisama,
893 4050 1069 4101 Bellovacuur,
1101 4045 1226 4095 Tricassi-

129 4147 197 4194 esm‚
214 4139 244 4180 ut
261 4127 400 4177 emendant
418 4125 505 4189 aliqui.
540 4125 607 4174 Nam
622 4126 659 4174 sic
695 4141 755 4176 num
772 4136 799 4176 et
813 4127 979 4188 lingonicum
996 4138 1084 4188 agrum
1099 4124 1227 4175 colerent.

127 4209 248 4262 Catullus
259 4209 267 4238 ‘
279 4205 448 4256 Celtiberiam
456 4203 570 4266 terram,'
578 4212 606 4254 et
617 4205 660 4259 Ti·
701 4204 800 4267 Paneg.
810 4217 838 4251 v.
849 4206 890 4253 21.
