2730 4726
128 306 216 376 1552
632 325 725 376 urus

127 468 256 533 satione
269 474 373 534 autea
384 468 534 547 laudata,
546 470 603 546 ubi
617 491 693 536 eum
710 471 844 538 cunctis
858 473 933 539 aliis
948 471 1073 558 podiis,
1087 473 1233 542 Marone

127 578 287 654 excepto,
302 570 446 656 praelert.
489 571 547 637 lta
559 573 646 637 enim
662 575 771 641 canit:

837 678 924 744 Eum

387 776 501 843 Pluris
523 777 648 844 faciunt
668 798 791 845 novem
813 800 969 847 sorores.

300 879 412 960 Quam
434 889 579 946 cunctos
602 883 700 960 alios,
725 882 865 947 Marone
887 882 1012 952 demto.

172 983 307 1064 Quanto
332 983 494 1066 praeditus
517 984 617 1050 luerit
641 986 785 1069 judicio,
806 988 859 1052 vel
886 1007 931 1053 ex
957 1007 1001 1053 eo
1027 987 1120 1054 scire
1144 990 1229 1070 licet,

127 1086 220 1172 quod
236 1085 408 1151 Ausonius
426 1107 492 1150 non
514 1086 616 1152 alium
633 1088 785 1174 judicem
800 1089 958 1154 libentius
973 1091 1007 1155 in
1024 1092 1226 1157 carminibus

127 1191 200 1256 suis
215 1188 393 1254 censendis
408 1190 604 1269 adhibuerit,
616 1192 739 1256 nullius
754 1193 951 1258 sententiam
963 1192 1161 1275 religiosius
1175 1197 1226 1260 ob·

125 1293 320 1359 servaverit.
365 1292 472 1358 Extat
488 1293 530 1358 de
546 1313 587 1358 ea
603 1314 637 1358 re
652 1294 808 1378 Epistola
828 1295 977 1360 Ausonii
999 1294 1044 1359 ad
1063 1295 1226 1362 Pacatum

127 1395 231 1478 Idyll.
247 1410 321 1459 xrr.
341 1396 495 1480 praefixa,
516 1396 576 1460 ubi
601 1396 651 1461 ita
671 1397 806 1462 scribit:
829 1397 923 1463 ‘Sed
939 1397 1021 1462 milri
1038 1398 1134 1483 apud
1148 1400 1229 1464 alios

126 1518 189 1584 pro
203 1499 329 1563 laboris
345 1498 480 1563 modulo
496 1499 629 1563 laudem
643 1519 708 1564 nou
731 1520 835 1584 posse
855 1500 1046 1585 procedere,
1061 1521 1170 1586 quam
1184 1511 1227 1566 ta·
1266 1523 1269 1527 ·

127 1623 200 1667 men
227 1602 257 1665 si
281 1609 318 1665 tu
344 1600 533 1680 indulseris,
549 1607 585 1667 ut
611 1602 659 1666 ait
688 1600 846 1667 Afranius
862 1603 896 1667 in
911 1602 1054 1680 Thaide,
1069 1605 1227 1689 majorem

126 1704 262 1769 laudem
277 1723 379 1787 quam
400 1705 548 1770 lahorem
567 1702 725 1770 invenio!
768 1705 812 1770 Et
825 1725 922 1770 mox:
945 1705 1012 1770 ‘Si
1033 1708 1227 1790 probantur,

127 1811 163 1872 lu
178 1807 295 1884 facies,
310 1813 348 1872 ut
363 1808 428 1873 sint
448 1805 598 1894 aliquid!
640 1807 731 1874 Item·
753 1808 788 1872 in
815 1809 882 1873 alia
903 1807 1063 1892 Epistola
1088 1810 1227 1896 praelixa

127 1905 226 1976 laudo
242 1910 378 1993 Septem
392 1910 612 1994 Sapientum:

213 2012 304 2104 biam
319 2014 464 2097 primum
477 2019 530 2078 est
543 2015 708 2079 meruisse
724 2021 835 2093 tuum,
847 2012 990 2092 Pacate,
1005 2012 1172 2096 favorem,

256 2115 421 2203 Proxima
436 2116 562 2182 defensi
577 2137 656 2182 cura
670 2117 810 2202 pudoris
824 2116 898 2181 crit.

128 2217 206 2298 Qua
237 2219 337 2285 etiam
364 2218 398 2283 in
422 2219 582 2302 Epistola
615 2219 778 2284 ‘doctum
799 2216 925 2284 virum'
955 2234 1032 2283 eum
1065 2220 1229 2306 appellat.

127 2321 220 2386 Idem
236 2322 269 2387 iu
285 2321 489 2387 Praelatione
504 2321 791 2405 Epigrammatum
806 2321 936 2405 Nepoti
952 2326 1079 2405 aequat,
1096 2324 1154 2388 cui
1168 2322 1229 2388 Ca·

128 2425 233 2491 tullus
249 2425 339 2489 dono
359 2424 450 2489 dedit
472 2425 621 2490 libellum
642 2445 757 2489 suurn..
796 2423 941 2508 Scripsit
953 2425 1028 2489 sine
1043 2423 1151 2489 dubio
1166 2445 1227 2490 nou

127 2547 250 2613 pauca,
274 2528 335 2593 sed
357 2547 402 2593 ex
427 2528 470 2592 iis
496 2528 587 2604 nihil,
612 2534 732 2610 praeter
746 2546 847 2591 unum
862 2527 1122 2612 Panegyricum,
1139 2527 1226 2613 quod

127 2631 246 2710 sciam,
262 2632 360 2696 nohis
374 2639 564 2715 temporum
580 2629 702 2712 injuria
717 2629 880 2712 reliquum
895 2628 987 2693 lecit·
1025 2628 1229 2714 Suspicatur

127 2735 261 2819 quidem
286 2733 465 2800 A-cidalius
490 2735 589 2799 ctiam
616 2731 702 2795 alios
725 2751 769 2796 ex
790 2731 1005 2815 Panegyricis
1025 2732 1118 2797 illius
1137 2754 1226 2799 esse:

127 2856 241 2902 verum
265 2837 347 2902 mihi
371 2857 467 2901 suum
493 2837 557 2902 hoc
575 2835 741 2919 judicium
767 2854 836 2898 nnn
860 2835 990 2918 probat.
1037 2837 1163 2912 Istum,
1186 2837 1226 2901 de

125 2961 194 3024 quo
208 2960 317 3006 sermo
331 2941 426 3004 uobis
442 2948 506 3017 est,
531 2940 633 3024 paulo
656 2942 732 3021 post
756 2938 961 3021 triumphum
974 2938 1169 3004 Theodosii
1186 2941 1225 3004 de

129 3041 285 3108 Maximo
301 3050 441 3126 tyranno
465 3042 585 3107 Romae
602 3042 813 3123 infrequenti
834 3047 950 3107 senatu
966 3041 1066 3108 dixit.
1114 3043 1228 3108 Causa

128 3144 192 3208 suit
208 3144 386 3210 admiratio
409 3145 567 3209 virtutum
592 3142 789 3221 Theodosii,
804 3163 879 3227 quae
905 3145 1017 3227 ipsum
1041 3145 1086 3208 ab
1110 3147 1228 3211 ultimo

129 3246 315 3312 Galliarum
331 3267 480 3327 recessu,
497 3249 587 3312 sicut
610 3247 685 3331 ip'se
704 3247 863 3330 loquitur,
881 3247 1017 3311 excivit.
1063 3246 1228 3314 Occasio·

128 3368 203 3412 nem
219 3356 253 3415 et
268 3353 443 3416 materiam
458 3353 600 3418 victoria
616 3350 837 3435 Imperatoris
853 3350 895 3414 de
910 3358 1063 3433 tyranno,
1077 3352 1226 3435 urbsque

129 3451 271 3517 liberata
284 3456 507 3538 praebuerunt.
552 3457 660 3520 Porro
676 3454 710 3517 iu
727 3454 876 3518 oratione
899 3454 976 3536 ipsa
995 3460 1065 3518 tam
1080 3454 1227 3537 elegans,

128 3559 195 3620 tam
210 3556 317 3620 bonus
333 3560 396 3630 est,
414 3564 462 3634 ut,
477 3556 588 3621 Plinio
614 3561 770 3640 excepto,
787 3556 820 3619 in
834 3556 897 3621 hoc
913 3575 1029 3638 genere
1043 3557 1174 3621 nullum
1196 3559 1225 3621 ei

128 3659 318 3744 praeferam.
351 3661 392 3725 Et
407 3662 555 3726 sentiunt
574 3680 701 3725 mecum
718 3660 868 3744 plerique
877 3658 1060 3736 uiridocti,
1072 3680 1093 3722 e
1106 3660 1226 3745 quibus

127 3765 326 3830 nominatim
350 3765 403 3828 hic
419 3764 631 3847 Scaligerum
654 3772 689 3829 et
716 3764 905 3828 Livineium
931 3769 965 3826 et
987 3761 1224 3848 Dempsterum

129 3867 332 3950 compellare
357 3887 508 3952 possum,
523 3869 580 3952 qui
604 3886 722 3931 omnes
742 3862 943 3942 ‘floridum’
966 3864 1227 3948 ‘eloquentem'

129 3970 289 4034 ‘minime
319 3970 537 4054 spernendum
550 3970 570 4052 ;’
610 3970 792 4036 orationem
823 3968 898 4053 ejus
930 3966 1226 4047 ‘nobilissimam'

130 4069 231 4136 imaro
261 4077 351 4137 ‘uua
380 4075 480 4138 etiam
509 4081 611 4157 atque
641 4070 944 4137 altera-Ciceronis
973 4073 1225 4153 permutandam

126 4172 299 4256 judicant!
345 4176 502 4241 Honores
524 4177 625 4260 gessit
650 4180 770 4259 praeter
795 4175 900 4256 alios,
920 4192 1006 4257 quos
1030 4177 1224 4241 nominatim
