2730 4726
393 296 662 348 consranrrno
690 295 777 345 nuc.
815 295 903 346 vrri.
919 279 974 346 14.
1147 281 1234 349 1399

127 444 338 524 communia3
360 444 459 508 nobis
478 444 553 508 baec
574 441 817 526 propriaque
836 441 1043 524 plenasnnt.
1087 441 1119 506 3.
1143 441 1237 508 Prae·

127 549 223 614 clara
245 548 346 613 fertur
369 545 510 612 Catonis
535 545 643 611 oratio
667 546 710 609 de
730 546 826 610 lustri
850 546 904 609 sui
926 542 1111 609 felicitater
1154 544 1234 612 Jarn

128 657 210 723 tnnc
233 651 332 722 enim,
351 651 384 714 in
408 649 468 714 illa
488 657 598 715 vetere
621 647 807 732 republica,
832 647 876 712 ad
899 667 1076 712 censorum
1099 648 1235 715 laudern

126 753 332 838 pertinebat,
349 750 379 814 si
400 751 542 814 lustrum
565 751 650 814 felix
673 749 914 825 condidissent,
931 750 960 814 si
974 751 1092 815 horrea
1113 751 1236 816 messis

126 855 319 939 implesset,
336 854 366 917 si
386 853 553 918 vindemia
571 853 806 928 redundasset,
825 854 853 916 si
874 853 1000 918 oliveta
1014 853 1106 934 larga
1120 854 1237 918 fluxis-

127 965 227 1025 sent.³
271 959 303 1020 4.
326 955 421 1034 Quid
441 977 519 1037 ergo
540 977 602 1021 nos
626 957 782 1022 convenit
806 955 961 1039 gratulari
982 956 1023 1019 de
1041 957 1106 1020 hoc
1128 957 1236 1022 indul·

128 1060 250 1142 gentiae
270 1063 340 1124 tuae
360 1058 490 1122 lustret
513 1058 632 1134 lustro,
648 1078 729 1142 quo,
743 1059 824 1123 licet
837 1058 930 1123 nulla
945 1057 1076 1140 frugum
1098 1061 1238 1125 cessarit

128 1163 279 1238 ubertaS,
298 1159 410 1224 fecisti
431 1168 554 1238 tamen,
574 1169 611 1224 ut
631 1162 741 1225 omnia
762 1160 934 1226 videantur
956 1160 1062 1224 fnisse
1085 1161 1237 1243 largiora,

129 1283 232 1347 quam
254 1263 387 1326 luerint.
430 1263 461 1326 5.
486 1262 591 1327 Valet
610 1264 709 1339 enim,
726 1283 790 1327 nos
811 1267 933 1327 tantum
949 1263 1119 1341 babuisse,
1136 1283 1238 1347 quan·

128 1372 199 1431 tum
222 1365 346 1429 debere
368 1364 575 1429 desinimus:
599 1366 698 1438 valet,
722 1366 819 1447 plena
841 1365 947 1429 luisse
969 1365 1102 1443 horrea,
1119 1367 1237 1448 plenus

128 1468 247 1557 cellas,
273 1487 348 1538 enm
372 1469 407 1532 in
432 1466 534 1531 nullis
560 1466 714 1551 reliquis¹
737 1468 930 1532 haereamus.
979 1468 1011 1531 6.
1035 1469 1114 1532 Hoc
1139 1471 1238 1539 nobis

129 1576 206 1634 cstu
226 1572 295 1635 ista
315 1571 457 1653 largitio,
473 1570 565 1654 quod
588 1576 683 1647 terra,
702 1578 807 1637 mater
826 1571 965 1653 frugum,
985 1571 1075 1654 quod
1091 1571 1237 1654 Jupiter,

128 1671 323 1737 moderator
338 1683 505 1736 aurarntn.
544 1672 720 1758 Quicquid
735 1675 785 1738 illi
801 1674 936 1757 parcius
953 1672 1123 1750 dederant,
1138 1675 1238 1739 nobis

129 1780 243 1840 tamen
258 1794 301 1838 ex
316 1773 482 1839 beneficio
499 1780 556 1839 tuo
573 1785 688 1841 natum
704 1784 769 1839 est.

174 1877 264 1941 Cae.
289 1894 371 1941 xrv.
394 1871 440 1942 '1.
465 1877 631 1957 Quaenam
653 1886 722 1944 toto
744 1879 825 1942 orbe
846 1883 1005 1941 terraram
1029 1878 1100 1942 auri
1123 1897 1240 1961 argen-

129 1982 226 2063 tique
242 1980 379 2044 metalla
396 1987 465 2044 tarn
477 1981 571 2064 larga
585 1980 686 2045 sunt?
710 1982 785 2064 quis
800 1980 926 2062 Tagus,
941 1981 1061 2063 quisve
1078 1981 1240 2047 Pactolus

128 2088 223 2148 tanto
234 2083 336 2147 finxit
347 2101 439 2159 auro,
452 2088 614 2166 quantum
628 2084 830 2148 liberalitate
843 2090 904 2146 tua
916 2085 1090 2148 consecuti
1103 2087 1239 2151 sumusi

128 2204 199 2249 non
220 2185 308 2249 enirn
330 2185 466 2268 majoris
487 2190 538 2247 est
560 2187 704 2250 muneris
720 2186 780 2248 abs
798 2193 831 2248 te
848 2185 1032 2266 accepisse.
1076 2186 1108 2250 2.
1132 2186 1241 2266 Quin·

127 2286 245 2365 immo,
270 2291 394 2369 quanto
418 2294 471 2350 est
497 2287 614 2351 durius
639 2288 860 2378 extorqueri*
879 2286 970 2371 quod
994 2291 1165 2374 proprium
1189 2290 1238 2353 lu·

162 2478 176 2502 ¹¹
195 2469 444 2534 Prionripernimeo.

128 2685 215 2734 tia—3
234 2680 347 2743 Gnelplr.
359 2681 462 2732 Puteal.
475 2681 591 2732 Rhenan.
610 2685 646 2734 Η.
658 2685 750 2747 Stepb.
762 2692 789 2733 et
808 2683 896 2734 Ririn.
913 2684 1063 2733 condidisset.
1097 2684 1239 2746 Vulgatanr

130 2748 185 2798 'arn
204 2747 277 2796 dedit
295 2748 380 2796 Lirin.
415 2747 487 2804 lllox,
506 2748 617 2799 Puteun.
638 2751 705 2813 conj.
730 2751 798 2812 lorge
808 2749 959 2814 flexissem
978 2749 1124 2798 itinerari
1142 2749 1240 2799 olivitas

138 2829 201 2874 argo
210 2810 385 2876 flandrica—4
403 2813 466 2862 Voc.
481 2815 556 2862 lustro
570 2814 643 2864 abeat
665 2817 690 2864 in
704 2816 767 2864 Vet.
785 2816 866 2864 Lirin.
883 2815 1027 2864 ‘Clrasren
1038 2814 1119 2872 suerit
1134 2814 1238 2869 walae,

151 2877 200 2926 nod
224 2876 313 2925 melius
334 2876 439 2926 videtur
460 2880 599 2928 convenire
621 2894 679 2928 curn
702 2879 710 2906 ‘
730 2882 833 2943 parcius
853 2878 997 2935 dederant,'
1020 2887 1085 2928 rect.
1098 2877 1132 2927 6.'
1146 2880 1240 2939 aeger.

129 2895 244 3002 greipi.
255 2942 385 3003 virigatum
398 2942 486 2991 habel.
502 2943 607 3004 largiora
616 2945 743 2994 videantur
753 2945 833 3005 fuisse
844 2945 906 2994 Vel.
918 2942 1066 2993 Berlin-5
1085 2944 1138 2992 Pro
1149 2944 1239 2992 desini·

129 3023 194 3071 mur,
206 3008 329 3056 Cbasaen.
341 3008 420 3056 babel
437 3008 573 3066 debuimuer
592 3010 675 3057 Lirin.
692 3010 760 3073 conj.
777 3010 913 3060 desivimus.
948 3009 1017 3058 Huic
1029 3009 1187 3072 conjecturae
1201 3006 1239 3056 fa-

129 3079 178 3122 vet
196 3071 309 3134 Guelpb.
330 3072 357 3120 in
377 3087 427 3137 qno
445 3073 644 3122 decrivimus-6
661 3074 781 3123 erenan.
802 3076 895 3138 Stepb.
918 3074 1003 3124 Lirin.
1023 3075 1129 3138 crispin.
1148 3074 1237 3124 Rivin.

126 3138 368 3202 porciurdederualr
385 3137 446 3185 Vet.
457 3136 570 3186 Putean.
580 3138 640 3187 Ver.
653 3139 736 3187 Lirin.
748 3140 851 3188 Berlin.
868 3140 1058 3201 Gnelplr.*cnrn
1076 3138 1138 3189 edd.
1159 3139 1239 3190 Grnt.

130 3211 160 3253 et
175 3210 284 3250 reeeott.
299 3216 325 3264 p.
336 3202 459 3250 dederunt·
492 3204 500 3230 ⁶
514 3203 584 3252 Gnd.
600 3218 651 3252 non
665 3205 742 3266 bene,
753 3209 793 3253 tuo
804 3210 881 3254 tutam
893 3205 946 3253 ert!
960 3205 1058 3264 Jaeger.

166 3268 234 3316 Can.
245 3280 305 3316 xiv.
338 3271 351 3315 l
372 3265 438 3315 Edd.
451 3273 512 3315 ante
524 3269 647 3317 Arntzen.
657 3269 786 3332 fluxerunt
796 3285 869 3326 curor
886 3269 947 3317 Vel.
958 3269 1041 3318 Lirin.
1055 3267 1156 3317 Berlin.
1167 3266 1239 3318 oud.

120 3332 204 3396 fluit
214 3347 281 3381 aare.
315 3329 357 3381 cf.
370 3331 402 3380 ud
416 3333 671 3384 uolnerauerant.
685 3347 735 3383 vir.
747 3337 772 3382 4.
806 3334 837 3384 ln
849 3334 988 3383 Puteolani
1004 3334 1047 3382 ed.
1057 3333 1182 3396 flexerant
1197 3341 1239 3385 eat

131 3411 150 3446 a
162 3396 333 3460 typographo.
351 3411 392 3444 nor
408 3397 472 3446 enim
491 3399 598 3460 Caspia.
614 3400 730 3448 Rhenan.
741 3399 833 3462 Steph.
846 3399 929 3448 Livin.
942 3400 1028 3448 Ririn.
1049 3400 1082 3446 al.
1101 3405 1168 3448 vett.
1190 3412 1238 3447 noa

131 3462 196 3510 enim
208 3463 317 3524 Guelpb.
331 3461 392 3511 Vei.
403 3462 486 3512 Lirin.
500 3464 600 3512 Berlin.
619 3464 706 3513 Moerl.
718 3465 794 3514 Grnt.
809 3465 890 3514 Paris.
904 3463 999 3515 Cellar.
1011 3464 1128 3514 Patarol.
1140 3463 1238 3521 Jager.

131 3521 427 3590 ‘blandorantpntol
444 3528 526 3577 Liria.
562 3530 696 3580 Puteanus
708 3531 778 3595 conj.
795 3546 841 3579 non
858 3529 921 3579 enim
938 3534 1052 3580 m.esret.
1085 3529 1238 3579 VideNott.

632 3674 739 3727 Nona

133 3786 309 3844 Constantini,
326 3801 384 3836 cnm
403 3787 555 3837 remissione
577 3787 667 3838 tributi
740 3788 990 3854 'Largaflaxisreall
1009 3787 1048 3836 An
1059 3789 1140 3846 large?

132 3865 159 3915 in
172 3865 285 3928 quinque
297 3879 387 3928 anrros,
398 3880 474 3929 quarn
487 3866 593 3930 singulis
606 3879 667 3914 con·
739 3869 748 3899 ²
760 3868 818 3915 Cum
830 3869 855 3914 ia
867 3868 940 3915 nullia
950 3863 1060 3926 reliquia]
1078 3863 1142 3911 Cum
1157 3875 1238 3924 expe·

135 3940 225 3989 cessit·
708 3945 756 3995 diti
774 3945 851 3993 simne
871 3958 933 3993 curu
950 3941 1076 4004 solvendi,
1097 3938 1164 4002 quod
1180 3939 1239 3998 reli·

167 4022 176 4047 ¹
195 4014 235 4062 De
252 4015 324 4064 lustri
341 4016 379 4065 sni
395 4015 530 4084 felicitate]
558 4016 666 4074 Nullibi,
706 4037 783 4086 quum
796 4027 863 4069 erat.

133 4093 202 4156 qnod
215 4092 304 4155 seiani,
315 4101 389 4143 extat
400 4094 444 4142 illa
456 4097 539 4144 oratio
552 4112 558 4143 z
577 4093 665 4143 landa·
739 4106 750 4130 ²
763 4097 817 4146 Hoc
827 4095 894 4145 nobie
905 4095 952 4158 eat]
970 4095 1022 4143 Tra
1036 4091 1079 4140 illa
1096 4089 1237 4157 liberalitas

133 4177 178 4218 tur
191 4175 276 4218 taruco
287 4184 302 4218 a
315 4169 445 4220 veteribus
456 4172 641 4235 gramnraticir.
706 4175 780 4226 nobis
789 4176 871 4224 instar
880 4181 919 4223 est
928 4169 1084 4222 abundantis
1093 4178 1179 4234 terra,
1189 4172 1239 4220 dre.
