2730 4726
436 587 916 710 EUMENII

229 860 1141 995 Pumuuunrcus

377 1128 737 1208 CONSTANTIO
765 1127 985 1205 CAESARI

311 1362 528 1440 nuceum
558 1376 831 1439 untusnnrn
865 1331 1073 1436 murus(

456 1875 640 1926 sttrtorsm
664 1876 914 1925 PaNssuYtttct.

126 1993 164 2042 Itt
177 1991 293 2044 Exordio
304 1992 368 2044 dicit
380 1999 475 2044 metum
487 1993 536 2044 sibi
552 1995 648 2046 dicanti
666 1995 760 2046 afferre
779 2001 832 2045 tnm
851 1995 1001 2044 diuturnum
1019 1991 1157 2048 silentium,
1175 1997 1229 2042 tum

163 2082 272 2125 auctam
280 2075 394 2139 inprimis
405 2075 438 2125 ab
449 2090 480 2126 eo
492 2083 610 2140 tempore
627 2077 811 2141 imperatorum
829 2083 856 2126 et
874 2076 1004 2125 Caesarum
1022 2074 1138 2135 gloriam,
1150 2088 1177 2122 se
1194 2080 1233 2122 ta-

162 2169 223 2204 men
241 2155 303 2206 licet
315 2156 462 2206 Constantii
477 2163 621 2219 conspectu
638 2165 843 2218 commorentur,
854 2157 965 2205 recreari
983 2170 1033 2204 nou
1054 2169 1143 2218 parurn
1161 2154 1230 2219 qnod

161 2251 220 2300 que
233 2237 293 2286 olim
309 2251 395 2286 coram
407 2237 450 2286 illo
461 2237 558 2288 dixerit
569 2239 773 2301 pretermittere
788 2239 836 2288 sibi
855 2239 905 2287 ltac
923 2238 1039 2286 oratione
1056 2235 1096 2285 ias
1114 2235 1231 2285 futurum

162 2318 207 2375 ait,
226 2331 284 2381 cap.
294 2331 315 2368 t.
329 2359 332 2363 .
348 2317 434 2382 igitur
450 2318 614 2382 incepturum
633 2321 666 2368 sb
684 2320 832 2370 Constantii
852 2319 1002 2384 adoptione,
1021 2333 1078 2381 cap.
1096 2332 1127 2368 tt.
1146 2318 1232 2367 obiter

160 2397 358 2462 Imperatorum
376 2407 404 2448 et
420 2399 554 2449 Cassarum
571 2400 692 2450 victorias
711 2400 873 2464 perstringit,
885 2414 942 2462 cap.
962 2413 1005 2448 ιιι.
1038 2398 1130 2447 Herct
1141 2398 1167 2447 in
1179 2398 1234 2447 lau·

160 2477 250 2529 dsudo
261 2479 416 2529 Constantio
426 2481 459 2528 dc
470 2481 580 2543 pacatis,
589 2495 648 2544 cap.
659 2495 700 2530 tv.
716 2481 832 2544 inprimis
849 2482 881 2529 de
899 2480 1016 2528 Bononia
1033 2487 1121 2542 cepta,
1135 2492 1193 2540 cap.
1206 2489 1233 2524 v.

161 2560 206 2610 De
218 2560 367 2616 chamavis,
383 2561 484 2624 Frisiis,
499 2561 616 2622 Batavis,
632 2562 741 2625 aliisque
758 2561 860 2625 poprtlia
877 2561 990 2618 domitis,
1008 2555 1232 2622 cap.v11t.etad

160 2640 275 2690 incultas
287 2639 429 2690 Galliarum
443 2648 531 2705 partes
546 2643 694 2692 incolendas
707 2642 835 2692 obductis.
867 2643 911 2692 De
922 2648 1076 2705 recuperata
1091 2645 1150 2703 post
1161 2637 1233 2688 deci·

162 2734 233 2770 mnm
246 2718 352 2769 taudem
369 2735 463 2770 annum
477 2721 623 2783 Britannia,
640 2737 698 2785 cao.
714 2737 757 2772 tx.
792 2724 875 2775 Quam
893 2721 1038 2771 necessaris
1055 2719 1136 2769 inerit
1153 2733 1233 2782 expe·

161 2800 229 2851 ditio
242 2802 294 2858 illa,
307 2808 362 2850 tum
373 2802 433 2866 qnia
450 2803 520 2851 nnlia
538 2810 594 2853 toto
611 2811 737 2854 terrarum
757 2804 820 2852 orbe
840 2810 936 2866 preter
951 2803 1017 2851 lraoc
1033 2800 1103 2863 regio
1116 2799 1233 2861 pacanda

163 2889 378 2946 supererat,·cep.
389 2896 417 2932 x.
435 2892 544 2948 propter
555 2899 627 2933 suurn
643 2885 839 2949 amplitudinem
851 2894 879 2934 et
890 2884 968 2933 situm
980 2882 1102 2931 seditioni
1114 2880 1233 2928 lot'endss

164 2963 342 3027 aptissimum·
357 2978 415 3028 cap.
434 2977 474 3015 xt.
498 2973 553 3014 tum
581 2973 691 3029 propter
716 2966 819 3029 tyranni
842 2981 885 3014 eas
907 2963 1059 3029 occupantis
1081 2963 1232 3012 immensum

163 3045 254 3108 robur,
272 3058 330 3107 cup.
347 3057 401 3094 xrt.
435 3046 518 3097 Quum
537 3043 644 3097 fortiter
662 3062 677 3095 s
695 3047 849 3096 Constantio
865 3053 986 3108 susceptu
997 3044 1085 3100 itterit,
1096 3058 1154 3107 cst».
1167 3056 1233 3092 xttr.

162 3128 250 3179 Qrtam
269 3124 380 3176 feliciter
395 3125 525 3177 confecta.
561 3129 592 3177 ln
614 3129 723 3178 transitu
743 3130 835 3192 positas
854 3129 879 3177 in
895 3128 996 3177 insidiis
1014 3126 1126 3175 inimicae
1142 3125 1232 3173 classis

162 3206 271 3256 insidias
290 3208 362 3257 vitat.
394 3209 475 3258 Simul
493 3209 520 3257 iu
540 3209 647 3258 insulem
667 3211 778 3274 appulit,
797 3210 854 3272 ejus
876 3210 972 3257 milites
994 3207 1046 3256 stris
1067 3205 1185 3267 ontibus,
1204 3213 1233 3255 ut

162 3301 272 3338 necesse
283 3289 317 3339 sit
328 3289 441 3348 uincere,
451 3291 523 3354 ignes
535 3291 662 3356 injiciunt.
696 3290 816 3341 Allectus
828 3290 907 3355 fugit,
923 3304 982 3353 cop·
999 3303 1046 3338 xv.
1067 3288 1189 3351 abjectis,
1201 3300 1233 3335 ne

163 3381 362 3434 agnosceretur,
380 3372 459 3436 regiis
482 3373 656 3423 ornamentist
674 3380 702 3422 at
718 3373 895 3423 Constantium
912 3369 1023 3434 fugiens,
1041 3369 1067 3417 in
1086 3368 1166 3432 ipsius
1188 3367 1233 3415 mi·

163 3453 224 3501 lites
236 3451 363 3514 incidit‚a
375 3454 467 3518 quibus
477 3454 616 3518 occiditur,
627 3469 686 3518 cap.
697 3468 756 3505 xvr.
791 3455 822 3504 In
835 3454 882 3504 ltac
895 3452 969 3502 clade
987 3451 1090 3501 barbari
1108 3447 1235 3498 innumeri

161 3532 315 3588 concidunt,
327 3534 435 3583 Romani
447 3550 509 3584 reru
518 3536 622 3586 omuino
634 3536 719 3600 pauci,
731 3551 790 3600 cap.
801 3549 872 3585 xvrt.
899 3535 982 3586 Quam
995 3534 1065 3583 utilis
1078 3533 1143 3595 reip.
1155 3529 1235 3579 inerit

161 3615 220 3663 ltaec
240 3614 358 3678 victoria,
374 3629 421 3678 per
437 3631 513 3680 quam
534 3631 583 3666 noo
601 3625 764 3683 recuperatas
781 3617 857 3667 modo
873 3616 1029 3678 Britanniae,
1040 3614 1085 3663 sed
1099 3622 1126 3662 et
1138 3612 1233 3662 ceteris

162 3695 228 3758 imp.
244 3694 351 3744 Romani
364 3696 416 3744 oria
427 3698 554 3747 securitas
567 3697 679 3759 reddita,
689 3714 747 3762 cap.
761 3713 847 3748 xvrtr.
880 3699 963 3750 Quam
982 3697 1090 3760 gloriosa
1107 3695 1232 3743 Constao·
1331 3727 1335 3732 .

164 3778 210 3840 tio,
222 3776 296 3840 cujus
307 3776 469 3841 triumphalis
480 3785 539 3844 post
553 3781 620 3831 ltanc
633 3781 767 3831 victoriam
786 3782 810 3830 iu
829 3780 976 3830 Britannias
993 3780 1122 3842 ingrersus
1136 3774 1234 3823 descri-

165 3857 247 3908 bitur.

133 3939 166 3988 1¹¹
191 3937 253 3994 fine,
280 3937 313 3986 etl
337 3940 514 4004 Imperatores
540 3941 683 3993 orationem
710 3944 849 4005 convertit,
871 3942 963 4010 quibus
999 3940 1061 3989 nilril
1089 3937 1231 4000 optandum

164 4021 239 4083 dicit,
254 4021 303 4070 nlsi
322 4029 351 4073 ut
370 4032 500 4090 perpetuo
518 4027 569 4078 talc
589 4026 623 4076 rit
641 4025 776 4092 imperitum
796 4026 872 4092 quala
894 4037 940 4075 rua
961 4022 1057 4071 virtute
1080 4017 1234 4084 effecerunt,

165 4115 299 4169 cantu.
957 4110 960 4123 ·
