2730 4726
115 318 203 386 lasa
387 332 552 385 ιυιιιιιιιι
577 332 810 391 onsrssnuu
834 332 949 383 serso

114 477 197 544 mini
222 495 404 561 possumus
430 477 571 562 equari.
619 477 653 542 6.
677 475 758 555 Quo
783 478 904 560 magis,
928 477 1131 562 Imperator,
1153 478 1217 568 clm

114 578 249 645 montiae
266 585 332 644 tuae
347 579 473 662 gratiss
488 579 635 662 agimus,
649 582 719 664 qui,
729 580 888 645 remediis
899 586 1019 666 sponte
1030 581 1217 659 concessis,

114 680 236 760 iecisti,
250 687 299 757 ut,
311 680 403 766 quod
417 701 484 746 non
499 688 694 765 poteramus
703 681 780 765 jure
792 688 918 765 petere,
927 681 1022 766 juste
1032 682 1217 748 obtinuisse

115 782 301 850 videamur.

159 886 250 952 Gsn.
273 903 326 952 vs.
361 886 395 951 1.
417 885 596 951 Habemus
619 886 719 964 enim,
739 891 778 951 nt
800 884 887 964 dixi,
910 893 947 950 et
967 884 1140 950 bominum
1161 906 1216 952 nu·

114 1007 252 1059 merum,
266 989 327 1072 qni
344 989 449 1053 delati
468 993 557 1067 sunt,
570 993 607 1052 et
623 1006 779 1071 agrorum
797 987 947 1066 modurn,
962 987 1024 1052 sed
1039 995 1217 1074 utrumqne

113 1109 268 1175 nequam,
282 1091 453 1156 bominum
468 1091 623 1174 segnitia,
638 1096 803 1175 terraeque
816 1089 971 1174 perfidia.
1014 1087 1117 1155 Unde
1130 1090 1216 1154 enim

114 1194 213 1258 nobis
233 1194 390 1270 Romus:
409 1199 468 1260 aut
483 1192 518 1259 N
519 1195 657 1270 errius,⁸
675 1200 735 1259 aut
748 1194 824 1277 ipse
838 1192 896 1258 ille
911 1183 953 1257 de
968 1191 1129 1276 proximo
1143 1191 1218 1257 Tsi-

115 1296 288 1362 cassinus‘
309 1298 412 1378 ager‘l
439 1303 496 1363 aut
520 1297 656 1363 aratori
686 1315 828 1380 quorum
851 1294 979 1361 reditus
1002 1313 1081 1360 cum
1102 1294 1218 1358 labore

115 1398 345 1464 contendunt.t
372 1399 406 1464 2.
425 1397 625 1483 Quanquam
634 1397 755 1463 merito
763 1399 874 1483 quivis
883 1401 1035 1482 ignoscat
1047 1396 1136 1480 ipsis
1150 1395 1217 1461 cul·

113 1499 255 1579 toribus,
274 1519 362 1585 qnos
384 1501 475 1585 pigot
496 1501 649 1566 laborare
672 1499 745 1567 sine
764 1500 888 1567 tinctu.
931 1499 1107 1583 Siquidem
1129 1517 1216 1582 ager,

114 1601 173 1684 qui
186 1617 358 1688 nunqnam
370 1602 551 1687 respondet
563 1602 756 1688 impendiis,
767 1623 813 1671 ex
827 1603 1034 1668 necessitate
1044 1600 1218 1674 desesbm,

113 1703 218 1769 etiam
230 1703 347 1789 inopia
360 1705 615 1785 rusticanorum,
630 1706 756 1791 quibus
770 1706 804 1770 iu
819 1725 885 1771 aare
902 1703 1012 1770 alieno
1025 1702 1217 1770 vacillanti·

113 1805 199 1872 bus‘
219 1827 282 1872 uec
304 1826 411 1892 aquas
433 1808 612 1886 deducere,
633 1827 695 1874 nec
716 1808 832 1892 sylvas
853 1805 951 1874 licuit
969 1804 1144 1870 excidere.
1184 1803 1217 1880 3.

114 1908 171 1976 Ita
184 1909 346 1996 quicquid
361 1909 441 1976 olim
454 1908 565 1978 iuerat
581 1910 766 1976 tolerabilis
780 1899 873 1988 solit
884 1915 944 1975 aut
957 1911 1152 1994 corruptum
1166 1910 1218 1971 est

145 2108 161 2208 ζ
174 2111 282 2190 Quorum
290 2110 383 2190 reditus
392 2114 487 2178 aequsst
497 2109 596 2162 labores.
660 2117 672 2145 e
690 2109 785 2168 Quibus
798 2125 847 2162 ιιι
856 2109 934 2160 ulisse
944 2107 1071 2174 opprimo.

177 2176 221 2230 So
235 2183 301 2229 um
311 2178 353 2227 slis
364 2192 417 2242 quo
426 2178 544 2243 quondan
554 2178 607 2226 erut
617 2179 742 2241 uereque
753 2177 822 2242 tosa,
835 2177 877 2240 ξι.

574 2321 757 2346 mmo

114 2417 183 2470 euim
205 2431 256 2468 uon
273 2419 422 2483 junguntur
438 2424 502 2482 apte
521 2421 699 2485 sequentibus,
716 2420 757 2485 qui
767 2420 794 2482 s.
811 2433 838 2468 s.
854 2432 978 2483 pommus
993 2414 1103 2481 squeri!
1120 2415 1217 2481 dages.
1260 2463 1262 2472 ,

114 2484 230 2534 commui
242 2483 317 2534 abest
328 2498 431 2548 quoque
443 2485 468 2533 ln
480 2484 594 2549 Gnelpb.
619 2501 742 2549 muamus
751 2485 882 2550 comparari
894 2483 997 2533 Bertin.

147 2548 214 2599 Ctn.
226 2563 266 2599 vs.
294 2551 307 2596 l
325 2549 466 2599 ‘Habemus
482 2550 594 2613 inquiunt
610 2551 729 2600 Pithoeus
744 2549 857 2601 Adsers.
869 2549 979 2599 Subsec.
991 2560 1023 2595 ιι.
1034 2543 1068 2593 1.’
1085 2543 1218 2595 Scboslros.

114 2613 240 2676 ‘inquiunt
257 2628 341 2678 neque
357 2620 399 2664 est
415 2614 440 2663 iu
459 2615 536 2664 codd.
554 2631 639 2680 neque
654 2617 742 2676 editis,
754 2624 784 2665 et
793 2616 860 2665 mals
873 2615 913 2664 its
922 2612 1015 2662 eitssit
1028 2610 1164 2672 Pitborus3
1174 2610 1217 2659 dat

114 2680 182 2731 enim
195 2680 397 2743 precedentium
408 2679 535 2730 rationem
547 2681 696 2731 Eumenius.
729 2681 800 2730 Male
814 2680 938 2730 Clrassen.
949 2673 1106 2727 iuberemus!
1123 2673 1217 2725 Arnts.

113 2750 137 2796 st
148 2758 260 2807 weram
270 2761 353 2795 nomeu
364 2745 476 2807 Guelpb.
493 2746 534 2795 sed
544 2760 568 2796 a.
578 2761 690 2810 nequeam
699 2745 820 2796 Rtreuau,
829 2745 866 2795 Η.
876 2745 924 2795 Ste
944 2743 969 2792 b.
979 2741 1066 2792 Rivis.
1075 2745 1104 2788 et
1113 2740 1149 2790 sl.
1157 2750 1216 2790 ants

114 2810 199 2860 Lirin.
221 2811 264 2861 sed
280 2826 305 2860 u.
320 2824 419 2873 aequum
430 2811 493 2860 Vet.
504 2811 618 2861 Puteso.
632 2811 744 2874 Guelph.
761 2811 827 2860 Exn.
842 2809 926 2859 Sciron
945 2822 987 2856 os.
999 2805 1085 2856 Lirin.
1100 2803 1180 2860 Grnt.
1192 2811 1219 2855 et

115 2883 224 2925 receuti.
251 2873 496 2940 ‘torosqssperfidiu
509 2877 657 2939 perdidimus
673 2871 951 2936 Chaeremcorrupts?
966 2870 1049 2921 Liuia.
1085 2868 1217 2920 Remisut

115 2939 205 2990 Nervis
219 2938 323 2991 Puteol.
344 2940 458 2989 Rbensn.
472 2939 508 2988 H·
525 2941 617 3004 Steplr.
635 2940 722 2992 Rivis.
751 2941 849 2994 Remus,
861 2944 903 2989 asst
916 2937 1021 2988 Nereius
1031 2934 1093 2983 Vel.
1104 2935 1217 2984 Potesn-

114 3004 228 3068 Guelplr.
240 3006 302 3055 Exc.
313 3005 459 3054 Schonlrov.
472 3004 556 3055 Livio.
568 3013 595 3055 et
607 3014 720 3056 recenti.
743 3007 806 3054 sade
821 3004 884 3054 miss
899 3002 976 3061 sotis,
993 2999 1070 3059 omit,
1082 3004 1126 3048 ost
1140 3000 1217 3049 aaut

114 3069 239 3119 chassen.
270 3070 452 3119 Trieucissimss
470 3070 595 3122 Cbssseu.
618 3072 734 3121 Rhenan.
755 3070 841 3121 Riviu.
863 3073 887 3119 1.
921 3065 1082 3117 Tricassisiss
1103 3063 1217 3127 Goelpir.

111 3133 278 3184 ‘Triccssiass
298 3135 416 3185 Pitiroeus
435 3135 547 3186 Adsere.
561 3136 669 3187 Subsec.
684 3151 717 3186 ιι.
728 3135 761 3185 1.’
778 3135 961 3184 &heitom-2
978 3129 1087 3193 cuspin.
1099 3129 1216 3183 Rhesus

114 3198 206 3262 Stepb.
225 3199 307 3249 Livio.
325 3201 359 3250 al.
378 3206 443 3250 vett.
458 3199 538 3265 quivis
550 3202 572 3250 si
589 3202 712 3264 iguoseut3
724 3201 784 3250 Vet.
797 3200 910 3249 Puteum
921 3199 986 3247 lixo.
998 3195 1081 3257 Lsnss.
1094 3194 1217 3245 chasnen.

114 3264 200 3312 Muri.
217 3265 331 3327 Guelplr.
351 3266 417 3314 Ero.
434 3265 579 3315 Sclionbov.
601 3276 629 3316 et
646 3267 707 3319 edd.
726 3272 837 3316 recenti.
854 3264 932 3328 quiuis
947 3263 1065 3323 ignoscat
1094 3260 1216 3310 Cbasseu.

112 3329 242 3380 cultoribus
252 3331 320 3394 ipsis.
348 3331 431 3381 Lirin.
448 3330 590 3394 quibuscum
603 3332 689 3382 aliero.
716 3331 849 3381 VetPut.
863 3328 1088 3393 aquiescimus-d
1104 3324 1215 3391 Gaelplr.

610 3492 722 3544 NOTAE

113 3604 221 3643 numero
240 3598 268 3640 et
286 3589 362 3640 modo
380 3605 501 3654 agrorum
518 3599 588 3641 esset
603 3592 645 3642 vel
685 3605 729 3642 sus
740 3588 850 3638 formula
860 3586 995 3636 debeatur.

113 3667 198 3731 major
208 3669 250 3718 vel
262 3668 355 3718 minor.
389 3666 644 3731 igiturseususest:
717 3664 846 3728 russum]
880 3663 962 3718 Remi,
990 3657 1080 3725 populi
1108 3671 1215 3724 quorum

114 3746 169 3798 Nos
189 3745 293 3811 quidem
315 3743 446 3810 exanimat
469 3745 530 3794 novi
551 3758 643 3795 censos
685 3733 1216 3802 arbsRemi,seu1)uroemorumindal-

113 3821 252 3879 acerbitas,
269 3821 313 3885 qui
330 3821 435 3870 aliarum
453 3820 643 3883 provinciarum
683 3820 718 3869 lis
733 3815 889 3880 Belgicu,ad
903 3813 1009 3865 fluvium
1021 3811 1153 3863 Vidulum.

113 3896 230 3948 fortunus
240 3911 405 3962 sequarenou
419 3910 562 3959 possumus.
595 3896 643 3946 Ni·
715 3893 859 3958 ⁸Nereius]
875 3891 971 3956 Populi
981 3889 1076 3940 Galliae
1089 3887 1215 3952 Belgica,

113 3974 148 4022 lril
160 3979 297 4023 esttamen
310 3986 357 4021 cnr
373 3985 572 4034 conqueramur,
584 3985 643 4021 cum
684 3988 744 4025 ceux
754 3974 786 4021 du
798 3971 931 4035 Haysnut5
948 3973 1058 4030 propter
1068 3966 1216 4016 Turnacum

114 4058 143 4100 et
164 4065 238 4113 agros
257 4051 301 4114 qui
322 4048 448 4113 descripti
470 4055 528 4098 sunt
549 4049 644 4098 habea·
685 4051 718 4101 ad
731 4048 844 4100 Scaldim
856 4045 973 4096 fluvium.

113 4140 180 4181 mus,
196 4140 280 4190 neque
291 4126 428 4191 quicquam
446 4140 461 4175 a
477 4125 551 4174 nobis
571 4132 643 4188 petu-
716 4127 725 4161 ⁸
742 4120 904 4184 Triemsiass]
923 4121 962 4170 lle
978 4118 1126 4171 'l'ricassino
1142 4115 1215 4183 oppi-

115 4210 167 4261 tur,
178 4216 255 4276 quam
272 4216 320 4268 pro
336 4201 464 4256 communi
476 4201 572 4273 Gallici
583 4216 643 4256 cen·
685 4203 720 4258 do
731 4216 812 4268 snpra
824 4201 924 4265 Panes.
936 4210 962 4248 v.
975 4200 1015 4249 lt.
