<?xml version="1.0" encoding="UTF-8"?>
<!DOCTYPE html PUBLIC "-//W3C//DTD XHTML 1.0 Transitional//EN"
    "http://www.w3.org/TR/xhtml1/DTD/xhtml1-transitional.dtd">
<html xmlns="http://www.w3.org/1999/xhtml" xml:lang="en" lang="en">
 <head>
  <title>
</title>
<meta http-equiv="Content-Type" content="text/html;charset=utf-8" />
  <meta name='ocr-system' content='tesseract 3.04.00' />
  <meta name='ocr-capabilities' content='ocr_page ocr_carea ocr_par ocr_line ocrx_word'/>
</head>
<body>
  <div class='ocr_page' id='page_1' title='image "./panegyriciveter01baungoog_0257.png"; bbox 0 0 2730 4726; ppageno 0'>
   <div class='ocr_carea' id='block_1_1' title="bbox 131 295 917 362">
    <p class='ocr_par' dir='ltr' id='par_1_1' title="bbox 131 295 917 362">
     <span class='ocr_line' id='line_1_1' title="bbox 131 295 917 362; baseline 0 -2"><span class='ocrx_word' id='word_1_1' title='bbox 131 295 220 360; x_wconf 74' lang='lat' dir='ltr'>late</span> <span class='ocrx_word' id='word_1_2' title='bbox 279 308 284 315; x_wconf 89' lang='lat'>·</span> <span class='ocrx_word' id='word_1_3' title='bbox 451 309 616 361; x_wconf 74' lang='lat' dir='ltr'>suuntur</span> <span class='ocrx_word' id='word_1_4' title='bbox 642 311 917 362; x_wconf 72' lang='lat' dir='ltr'>renueremus</span> 
     </span>
    </p>
   </div>
   <div class='ocr_carea' id='block_1_2' title="bbox 125 460 1241 2080">
    <p class='ocr_par' dir='ltr' id='par_1_2' title="bbox 125 460 1241 2080">
     <span class='ocr_line' id='line_1_2' title="bbox 130 460 1240 547; baseline 0.004 -20"><span class='ocrx_word' id='word_1_5' title='bbox 130 463 200 527; x_wconf 87' lang='lat' dir='ltr'>nisi</span> <span class='ocrx_word' id='word_1_6' title='bbox 225 460 282 525; x_wconf 92' lang='lat' dir='ltr'>diu</span> <span class='ocrx_word' id='word_1_7' title='bbox 311 461 496 546; x_wconf 78' lang='lat' dir='ltr'>scriptum,⁶</span> <span class='ocrx_word' id='word_1_8' title='bbox 528 469 563 526; x_wconf 88' lang='lat' dir='ltr'>et</span> <span class='ocrx_word' id='word_1_9' title='bbox 590 481 684 547; x_wconf 88' lang='lat' dir='ltr'>saepe</span> <span class='ocrx_word' id='word_1_10' title='bbox 713 468 904 543; x_wconf 87' lang='lat' dir='ltr'>tractatum,</span> <span class='ocrx_word' id='word_1_11' title='bbox 932 462 1042 528; x_wconf 84' lang='lat' dir='ltr'>afferri</span> <span class='ocrx_word' id='word_1_12' title='bbox 1070 469 1240 547; x_wconf 80' lang='lat' dir='ltr'><strong>oportere.</strong></span> 
     </span>
     <span class='ocr_line' id='line_1_3' title="bbox 128 561 1241 650; baseline 0.004 -20"><span class='ocrx_word' id='word_1_13' title='bbox 128 563 164 630; x_wconf 80' lang='lat'>2.</span> <span class='ocrx_word' id='word_1_14' title='bbox 187 561 281 626; x_wconf 88' lang='lat' dir='ltr'>Nam</span> <span class='ocrx_word' id='word_1_15' title='bbox 306 565 365 647; x_wconf 91' lang='lat' dir='ltr'>qui</span> <span class='ocrx_word' id='word_1_16' title='bbox 391 565 482 648; x_wconf 85' lang='lat' dir='ltr'>apud</span> <span class='ocrx_word' id='word_1_17' title='bbox 509 565 756 649; x_wconf 74' lang='lat' dir='ltr'>Imperatorem</span> <span class='ocrx_word' id='word_1_18' title='bbox 776 567 899 650; x_wconf 91' lang='lat' dir='ltr'>populi</span> <span class='ocrx_word' id='word_1_19' title='bbox 918 565 1066 630; x_wconf 91' lang='lat' dir='ltr'>Romani</span> <span class='ocrx_word' id='word_1_20' title='bbox 1086 567 1171 632; x_wconf 92' lang='lat' dir='ltr'>dicit</span> <span class='ocrx_word' id='word_1_21' title='bbox 1193 588 1241 634; x_wconf 84' lang='lat' dir='ltr'>ex</span> 
     </span>
     <span class='ocr_line' id='line_1_4' title="bbox 129 668 1241 753; baseline 0.004 -21"><span class='ocrx_word' id='word_1_22' title='bbox 129 672 296 747; x_wconf 83' lang='lat' dir='ltr'>tempore,</span> <span class='ocrx_word' id='word_1_23' title='bbox 310 681 468 750; x_wconf 88' lang='lat' dir='ltr'>qnantum</span> <span class='ocrx_word' id='word_1_24' title='bbox 483 668 541 745; x_wconf 88' lang='lat' dir='ltr'>sit,</span> <span class='ocrx_word' id='word_1_25' title='bbox 556 688 623 733; x_wconf 93' lang='lat' dir='ltr'>non</span> <span class='ocrx_word' id='word_1_26' title='bbox 636 671 750 747; x_wconf 83' lang='lat' dir='ltr'>sentit,</span> <span class='ocrx_word' id='word_1_27' title='bbox 762 670 949 753; x_wconf 88' lang='lat' dir='ltr'>imperium.</span> <span class='ocrx_word' id='word_1_28' title='bbox 992 671 1026 734; x_wconf 80' lang='lat'>3.</span> <span class='ocrx_word' id='word_1_29' title='bbox 1038 669 1131 735; x_wconf 60' lang='lat' dir='ltr'>xHuc</span> <span class='ocrx_word' id='word_1_30' title='bbox 1141 690 1241 736; x_wconf 90' lang='lat' dir='ltr'>aoce-</span> 
     </span>
     <span class='ocr_line' id='line_1_5' title="bbox 128 767 1241 856; baseline 0.004 -23"><span class='ocrx_word' id='word_1_31' title='bbox 128 767 192 843; x_wconf 90' lang='lat' dir='ltr'>dit,</span> <span class='ocrx_word' id='word_1_32' title='bbox 209 769 299 850; x_wconf 91' lang='lat' dir='ltr'>quod</span> <span class='ocrx_word' id='word_1_33' title='bbox 309 770 380 854; x_wconf 84' lang='lat' dir='ltr'>jam</span> <span class='ocrx_word' id='word_1_34' title='bbox 392 769 479 834; x_wconf 85' lang='lat' dir='ltr'>satis</span> <span class='ocrx_word' id='word_1_35' title='bbox 494 771 591 835; x_wconf 92' lang='lat' dir='ltr'>multi</span> <span class='ocrx_word' id='word_1_36' title='bbox 607 780 697 848; x_wconf 90' lang='lat' dir='ltr'>sunt,</span> <span class='ocrx_word' id='word_1_37' title='bbox 710 773 769 855; x_wconf 90' lang='lat' dir='ltr'>qui</span> <span class='ocrx_word' id='word_1_38' title='bbox 781 792 836 836; x_wconf 88' lang='lat' dir='ltr'>mo</span> <span class='ocrx_word' id='word_1_39' title='bbox 847 778 967 856; x_wconf 86' lang='lat' dir='ltr'>putant</span> <span class='ocrx_word' id='word_1_40' title='bbox 978 772 1118 836; x_wconf 90' lang='lat' dir='ltr'>nimium</span> <span class='ocrx_word' id='word_1_41' title='bbox 1131 773 1241 838; x_wconf 87' lang='lat' dir='ltr'>multa</span> 
     </span>
     <span class='ocr_line' id='line_1_6' title="bbox 127 869 1240 957; baseline 0.003 -21"><span class='ocrx_word' id='word_1_42' title='bbox 127 869 317 939; x_wconf 85' lang='lat' dir='ltr'>dicturum:</span> <span class='ocrx_word' id='word_1_43' title='bbox 340 871 453 956; x_wconf 89' lang='lat' dir='ltr'>idque,</span> <span class='ocrx_word' id='word_1_44' title='bbox 478 877 515 936; x_wconf 94' lang='lat' dir='ltr'>ut</span> <span class='ocrx_word' id='word_1_45' title='bbox 540 872 693 951; x_wconf 79' lang='lat' dir='ltr'><strong>arbitror,</strong></span> <span class='ocrx_word' id='word_1_46' title='bbox 717 892 783 937; x_wconf 93' lang='lat' dir='ltr'>non</span> <span class='ocrx_word' id='word_1_47' title='bbox 806 893 851 936; x_wconf 84' lang='lat' dir='ltr'>ex</span> <span class='ocrx_word' id='word_1_48' title='bbox 873 873 1008 956; x_wconf 82' lang='lat' dir='ltr'>ingenio</span> <span class='ocrx_word' id='word_1_49' title='bbox 1031 893 1122 950; x_wconf 90' lang='lat' dir='ltr'>meo,</span> <span class='ocrx_word' id='word_1_50' title='bbox 1147 875 1240 957; x_wconf 90' lang='lat' dir='ltr'>quod</span> 
     </span>
     <span class='ocr_line' id='line_1_7' title="bbox 125 965 1240 1054; baseline -0.002 -18"><span class='ocrx_word' id='word_1_51' title='bbox 125 965 299 1036; x_wconf 81' lang='lat' dir='ltr'><strong>mediocre</strong></span> <span class='ocrx_word' id='word_1_52' title='bbox 318 977 384 1046; x_wconf 90' lang='lat' dir='ltr'>est,</span> <span class='ocrx_word' id='word_1_53' title='bbox 407 969 467 1035; x_wconf 90' lang='lat' dir='ltr'>sed</span> <span class='ocrx_word' id='word_1_54' title='bbox 489 989 535 1034; x_wconf 84' lang='lat' dir='ltr'>ex</span> <span class='ocrx_word' id='word_1_55' title='bbox 555 969 694 1034; x_wconf 82' lang='lat' dir='ltr'>laudum</span> <span class='ocrx_word' id='word_1_56' title='bbox 713 979 900 1036; x_wconf 85' lang='lat' dir='ltr'>vestrarum</span> <span class='ocrx_word' id='word_1_57' title='bbox 926 971 1030 1054; x_wconf 91' lang='lat' dir='ltr'>copia</span> <span class='ocrx_word' id='word_1_58' title='bbox 1050 972 1240 1038; x_wconf 89' lang='lat' dir='ltr'>metiuntur.</span> 
     </span>
     <span class='ocr_line' id='line_1_8' title="bbox 128 1069 1241 1156; baseline 0.007 -25"><span class='ocrx_word' id='word_1_59' title='bbox 128 1069 285 1150; x_wconf 85' lang='lat' dir='ltr'>Quomm</span> <span class='ocrx_word' id='word_1_60' title='bbox 307 1093 372 1155; x_wconf 86' lang='lat' dir='ltr'>ego</span> <span class='ocrx_word' id='word_1_61' title='bbox 388 1074 672 1156; x_wconf 81' lang='lat' dir='ltr'>expectationem,</span> <span class='ocrx_word' id='word_1_62' title='bbox 687 1074 815 1137; x_wconf 84' lang='lat' dir='ltr'>inritus</span> <span class='ocrx_word' id='word_1_63' title='bbox 830 1072 923 1150; x_wconf 91' lang='lat' dir='ltr'>licet,</span> <span class='ocrx_word' id='word_1_64' title='bbox 937 1072 1055 1137; x_wconf 83' lang='lat' dir='ltr'>fallam</span> <span class='ocrx_word' id='word_1_65' title='bbox 1075 1074 1241 1140; x_wconf 83' lang='lat' dir='ltr'>brevitate</span> 
     </span>
     <span class='ocr_line' id='line_1_9' title="bbox 126 1172 1240 1260; baseline 0 -19"><span class='ocrx_word' id='word_1_66' title='bbox 126 1172 276 1241; x_wconf 88' lang='lat' dir='ltr'>dicendi.</span> <span class='ocrx_word' id='word_1_67' title='bbox 321 1175 456 1240; x_wconf 76' lang='lat' dir='ltr'>Revera</span> <span class='ocrx_word' id='word_1_68' title='bbox 477 1175 566 1239; x_wconf 90' lang='lat' dir='ltr'>enim</span> <span class='ocrx_word' id='word_1_69' title='bbox 592 1177 819 1257; x_wconf 76' lang='lat' dir='ltr'>cogitaveram</span> <span class='ocrx_word' id='word_1_70' title='bbox 839 1176 949 1258; x_wconf 83' lang='lat' dir='ltr'>ptura,</span> <span class='ocrx_word' id='word_1_71' title='bbox 971 1195 1051 1260; x_wconf 82' lang='lat' dir='ltr'>quae</span> <span class='ocrx_word' id='word_1_72' title='bbox 1080 1177 1240 1252; x_wconf 85' lang='lat' dir='ltr'>dicerem,</span> 
     </span>
     <span class='ocr_line' id='line_1_10' title="bbox 126 1247 1239 1362; baseline -0.004 -16"><span class='ocrx_word' id='word_1_73' title='bbox 126 1274 191 1346; x_wconf 84' lang='lat' dir='ltr'>sed</span> <span class='ocrx_word' id='word_1_74' title='bbox 219 1277 311 1343; x_wconf 84' lang='lat' dir='ltr'>malo</span> <span class='ocrx_word' id='word_1_75' title='bbox 341 1277 525 1342; x_wconf 85' lang='lat' dir='ltr'>orationem</span> <span class='ocrx_word' id='word_1_76' title='bbox 548 1296 657 1341; x_wconf 88' lang='lat' dir='ltr'>meam</span> <span class='ocrx_word' id='word_1_77' title='bbox 688 1247 822 1341; x_wconf 51' lang='lat' dir='ltr'>brerssrn</span> <span class='ocrx_word' id='word_1_78' title='bbox 847 1297 937 1352; x_wconf 84' lang='lat' dir='ltr'>esse,</span> <span class='ocrx_word' id='word_1_79' title='bbox 965 1297 1068 1362; x_wconf 85' lang='lat' dir='ltr'>quam</span> <span class='ocrx_word' id='word_1_80' title='bbox 1091 1275 1239 1361; x_wconf 64' lang='lat' dir='ltr'>respuis</span> 
     </span>
     <span class='ocr_line' id='line_1_11' title="bbox 126 1377 1238 1466; baseline -0.004 -18"><span class='ocrx_word' id='word_1_81' title='bbox 126 1384 163 1448; x_wconf 79' lang='grc'>4.</span> <span class='ocrx_word' id='word_1_82' title='bbox 186 1377 310 1464; x_wconf 87' lang='lat' dir='ltr'>Itaque</span> <span class='ocrx_word' id='word_1_83' title='bbox 325 1381 468 1466; x_wconf 91' lang='lat' dir='ltr'>primum</span> <span class='ocrx_word' id='word_1_84' title='bbox 483 1380 567 1444; x_wconf 91' lang='lat' dir='ltr'>illud</span> <span class='ocrx_word' id='word_1_85' title='bbox 594 1381 830 1465; x_wconf 86' lang='lat' dir='ltr'>compendium</span> <span class='ocrx_word' id='word_1_86' title='bbox 856 1381 991 1455; x_wconf 83' lang='lat' dir='ltr'>faciam,</span> <span class='ocrx_word' id='word_1_87' title='bbox 1016 1380 1139 1465; x_wconf 70' lang='lat' dir='ltr'>quod:</span> <span class='ocrx_word' id='word_1_88' title='bbox 1161 1401 1238 1446; x_wconf 90' lang='lat' dir='ltr'>cum</span> 
     </span>
     <span class='ocr_line' id='line_1_12' title="bbox 128 1482 1240 1567; baseline -0.003 -16"><span class='ocrx_word' id='word_1_89' title='bbox 128 1501 248 1551; x_wconf 88' lang='lat' dir='ltr'>omnes</span> <span class='ocrx_word' id='word_1_90' title='bbox 263 1503 336 1554; x_wconf 84' lang='lat' dir='ltr'>vos,</span> <span class='ocrx_word' id='word_1_91' title='bbox 351 1482 569 1547; x_wconf 81' lang='lat' dir='ltr'>invictissimi</span> <span class='ocrx_word' id='word_1_92' title='bbox 584 1483 788 1566; x_wconf 67' lang='lat' dir='ltr'>Principes:</span> <span class='ocrx_word' id='word_1_93' title='bbox 809 1501 950 1567; x_wconf 89' lang='lat' dir='ltr'>quornm</span> <span class='ocrx_word' id='word_1_94' title='bbox 975 1502 1123 1547; x_wconf 82' lang='lat' dir='ltr'>concors</span> <span class='ocrx_word' id='word_1_95' title='bbox 1135 1490 1192 1548; x_wconf 86' lang='lat' dir='ltr'>est</span> <span class='ocrx_word' id='word_1_96' title='bbox 1206 1489 1240 1548; x_wconf 91' lang='lat' dir='ltr'>et</span> 
     </span>
     <span class='ocr_line' id='line_1_13' title="bbox 129 1583 1238 1667; baseline -0.004 -15"><span class='ocrx_word' id='word_1_97' title='bbox 129 1583 229 1652; x_wconf 85' lang='lat' dir='ltr'>socia</span> <span class='ocrx_word' id='word_1_98' title='bbox 240 1584 417 1667; x_wconf 84' lang='lat' dir='ltr'>majestas,</span> <span class='ocrx_word' id='word_1_99' title='bbox 436 1584 551 1648; x_wconf 90' lang='lat' dir='ltr'>debita</span> <span class='ocrx_word' id='word_1_100' title='bbox 570 1585 782 1648; x_wconf 83' lang='lat' dir='ltr'>veneratione</span> <span class='ocrx_word' id='word_1_101' title='bbox 802 1586 999 1666; x_wconf 80' lang='lat' dir='ltr'>suspiciam,</span> <span class='ocrx_word' id='word_1_102' title='bbox 1013 1585 1102 1650; x_wconf 92' lang='lat' dir='ltr'>hunc</span> <span class='ocrx_word' id='word_1_103' title='bbox 1124 1593 1238 1650; x_wconf 86' lang='lat' dir='ltr'>tamen</span> 
     </span>
     <span class='ocr_line' id='line_1_14' title="bbox 128 1685 1237 1774; baseline 0 -22"><span class='ocrx_word' id='word_1_104' title='bbox 128 1686 476 1774; x_wconf 84' lang='lat' dir='ltr'>quantulumcumque</span> <span class='ocrx_word' id='word_1_105' title='bbox 498 1692 557 1750; x_wconf 92' lang='lat' dir='ltr'>tuo</span> <span class='ocrx_word' id='word_1_106' title='bbox 576 1685 691 1763; x_wconf 88' lang='lat' dir='ltr'>modo,</span> <span class='ocrx_word' id='word_1_107' title='bbox 714 1685 942 1760; x_wconf 83' lang='lat' dir='ltr'>Constantine,</span> <span class='ocrx_word' id='word_1_108' title='bbox 966 1688 1092 1751; x_wconf 91' lang='lat' dir='ltr'>numini</span> <span class='ocrx_word' id='word_1_109' title='bbox 1111 1687 1237 1752; x_wconf 86' lang='lat' dir='ltr'>dicabo</span> 
     </span>
     <span class='ocr_line' id='line_1_15' title="bbox 128 1787 1239 1873; baseline -0.001 -18"><span class='ocrx_word' id='word_1_110' title='bbox 128 1807 326 1855; x_wconf 87' lang='lat' dir='ltr'>sermonem.</span> <span class='ocrx_word' id='word_1_111' title='bbox 372 1790 403 1852; x_wconf 79' lang='lat'>5.</span> <span class='ocrx_word' id='word_1_112' title='bbox 427 1787 477 1853; x_wconf 89' lang='lat' dir='ltr'>Ut</span> <span class='ocrx_word' id='word_1_113' title='bbox 490 1789 578 1852; x_wconf 90' lang='lat' dir='ltr'>enim</span> <span class='ocrx_word' id='word_1_114' title='bbox 588 1787 687 1872; x_wconf 87' lang='lat' dir='ltr'>ipsos</span> <span class='ocrx_word' id='word_1_115' title='bbox 701 1787 909 1852; x_wconf 87' lang='lat' dir='ltr'>immortales</span> <span class='ocrx_word' id='word_1_116' title='bbox 918 1787 1027 1866; x_wconf 90' lang='lat' dir='ltr'>Deos,</span> <span class='ocrx_word' id='word_1_117' title='bbox 1039 1809 1239 1873; x_wconf 82' lang='lat' dir='ltr'>quanquam</span> 
     </span>
     <span class='ocr_line' id='line_1_16' title="bbox 128 1889 1237 1975; baseline -0.003 -17"><span class='ocrx_word' id='word_1_118' title='bbox 128 1891 307 1958; x_wconf 87' lang='lat' dir='ltr'>universos</span> <span class='ocrx_word' id='word_1_119' title='bbox 322 1890 435 1955; x_wconf 88' lang='lat' dir='ltr'>animo</span> <span class='ocrx_word' id='word_1_120' title='bbox 449 1889 614 1968; x_wconf 84' lang='lat' dir='ltr'>colamus,</span> <span class='ocrx_word' id='word_1_121' title='bbox 628 1891 794 1955; x_wconf 89' lang='lat' dir='ltr'>interdum</span> <span class='ocrx_word' id='word_1_122' title='bbox 808 1896 918 1956; x_wconf 86' lang='lat' dir='ltr'>tamen</span> <span class='ocrx_word' id='word_1_123' title='bbox 933 1894 968 1954; x_wconf 91' lang='lat' dir='ltr'>in</span> <span class='ocrx_word' id='word_1_124' title='bbox 982 1910 1045 1955; x_wconf 88' lang='lat' dir='ltr'>suo</span> <span class='ocrx_word' id='word_1_125' title='bbox 1067 1911 1237 1975; x_wconf 85' lang='lat' dir='ltr'>quemquo</span> 
     </span>
     <span class='ocr_line' id='line_1_17' title="bbox 128 1992 1238 2080; baseline -0.003 -19"><span class='ocrx_word' id='word_1_126' title='bbox 128 1995 259 2080; x_wconf 82' lang='lat' dir='ltr'>tempto</span> <span class='ocrx_word' id='word_1_127' title='bbox 275 2014 316 2059; x_wconf 87' lang='lat' dir='ltr'>ao</span> <span class='ocrx_word' id='word_1_128' title='bbox 333 1994 413 2058; x_wconf 87' lang='lat' dir='ltr'>sede</span> <span class='ocrx_word' id='word_1_129' title='bbox 427 2013 644 2074; x_wconf 85' lang='lat' dir='ltr'>veneramur3</span> <span class='ocrx_word' id='word_1_130' title='bbox 659 1993 710 2057; x_wconf 86' lang='lat' dir='ltr'>ita</span> <span class='ocrx_word' id='word_1_131' title='bbox 724 1993 804 2057; x_wconf 88' lang='lat' dir='ltr'>mihi</span> <span class='ocrx_word' id='word_1_132' title='bbox 813 1992 868 2057; x_wconf 82' lang='lat' dir='ltr'>tas</span> <span class='ocrx_word' id='word_1_133' title='bbox 882 2011 957 2056; x_wconf 88' lang='lat' dir='ltr'>esse</span> <span class='ocrx_word' id='word_1_134' title='bbox 967 1992 1071 2070; x_wconf 88' lang='lat' dir='ltr'>duco,</span> <span class='ocrx_word' id='word_1_135' title='bbox 1083 1995 1238 2058; x_wconf 90' lang='lat' dir='ltr'>omnium</span> 
     </span>
    </p>
   </div>
   <div class='ocr_carea' id='block_1_3' title="bbox 161 2135 925 2203">
    <p class='ocr_par' dir='ltr' id='par_1_3' title="bbox 161 2135 925 2203">
     <span class='ocr_line' id='line_1_18' title="bbox 161 2135 925 2203; baseline -0.007 -14"><span class='ocrx_word' id='word_1_136' title='bbox 161 2148 174 2173; x_wconf 78' lang='lat'>⁸</span> <span class='ocrx_word' id='word_1_137' title='bbox 191 2139 308 2195; x_wconf 82' lang='lat' dir='ltr'>Qeereeo</span> <span class='ocrx_word' id='word_1_138' title='bbox 316 2137 420 2203; x_wconf 78' lang='lat' dir='ltr'>primurn</span> <span class='ocrx_word' id='word_1_139' title='bbox 426 2142 497 2203; x_wconf 83' lang='lat' dir='ltr'>porte</span> <span class='ocrx_word' id='word_1_140' title='bbox 504 2138 636 2188; x_wconf 70' lang='lat' dir='ltr'>erutiones·</span> <span class='ocrx_word' id='word_1_141' title='bbox 644 2136 790 2193; x_wconf 76' lang='lat' dir='ltr'>contrairent,</span> <span class='ocrx_word' id='word_1_142' title='bbox 798 2135 870 2198; x_wconf 72' lang='lat' dir='ltr'>qnod,</span> <span class='ocrx_word' id='word_1_143' title='bbox 883 2137 925 2198; x_wconf 71' lang='lat' dir='ltr'>tre.</span> 
     </span>
    </p>
   </div>
   <div class='ocr_carea' id='block_1_4' title="bbox 128 2295 1241 2393">
    <p class='ocr_par' dir='ltr' id='par_1_4' title="bbox 128 2295 1241 2393">
     <span class='ocr_line' id='line_1_19' title="bbox 128 2295 1241 2393; baseline 0.004 -14"><span class='ocrx_word' id='word_1_144' title='bbox 128 2330 288 2391; x_wconf 69' lang='lat' dir='ltr'>‘Vntpatum</span> <span class='ocrx_word' id='word_1_145' title='bbox 308 2335 398 2379; x_wconf 85' lang='lat' dir='ltr'>tuetnr</span> <span class='ocrx_word' id='word_1_146' title='bbox 415 2331 557 2393; x_wconf 88' lang='lat' dir='ltr'>sententia,</span> <span class='ocrx_word' id='word_1_147' title='bbox 575 2337 602 2380; x_wconf 86' lang='lat' dir='ltr'>et</span> <span class='ocrx_word' id='word_1_148' title='bbox 623 2331 755 2382; x_wconf 86' lang='lat' dir='ltr'>Ciceronis</span> <span class='ocrx_word' id='word_1_149' title='bbox 771 2330 843 2378; x_wconf 82' lang='lat' dir='ltr'>loeus</span> <span class='ocrx_word' id='word_1_150' title='bbox 862 2343 921 2379; x_wconf 79' lang='lat' dir='ltr'>mox</span> <span class='ocrx_word' id='word_1_151' title='bbox 938 2328 1069 2380; x_wconf 81' lang='lat' dir='ltr'>sBsunio</span> <span class='ocrx_word' id='word_1_152' title='bbox 1087 2295 1241 2392; x_wconf 51' lang='lat' dir='ltr'>:dhihitusss’</span> 
     </span>
    </p>
   </div>
   <div class='ocr_carea' id='block_1_5' title="bbox 128 2393 1293 3433">
    <p class='ocr_par' dir='ltr' id='par_1_5' title="bbox 128 2393 1293 3433">
     <span class='ocr_line' id='line_1_20' title="bbox 130 2393 1240 2460; baseline 0.003 -15"><span class='ocrx_word' id='word_1_153' title='bbox 130 2395 219 2446; x_wconf 73' lang='lat' dir='ltr'>Ariste.</span> <span class='ocrx_word' id='word_1_154' title='bbox 242 2409 305 2456; x_wconf 76' lang='lat' dir='ltr'>repr</span> <span class='ocrx_word' id='word_1_155' title='bbox 316 2400 420 2444; x_wconf 67' lang='lat' dir='ltr'>omrem</span> <span class='ocrx_word' id='word_1_156' title='bbox 432 2396 550 2446; x_wconf 86' lang='lat' dir='ltr'>Rhenan.</span> <span class='ocrx_word' id='word_1_157' title='bbox 562 2405 590 2445; x_wconf 91' lang='lat' dir='ltr'>et</span> <span class='ocrx_word' id='word_1_158' title='bbox 602 2397 685 2446; x_wconf 77' lang='lat' dir='ltr'>Lirin.</span> <span class='ocrx_word' id='word_1_159' title='bbox 701 2409 763 2460; x_wconf 75' lang='lat' dir='ltr'>eope</span> <span class='ocrx_word' id='word_1_160' title='bbox 774 2399 902 2444; x_wconf 74' lang='lat' dir='ltr'>tractatum</span> <span class='ocrx_word' id='word_1_161' title='bbox 912 2393 974 2443; x_wconf 81' lang='lat' dir='ltr'>Ver.</span> <span class='ocrx_word' id='word_1_162' title='bbox 983 2395 1070 2445; x_wconf 81' lang='lat' dir='ltr'>Lirin.</span> <span class='ocrx_word' id='word_1_163' title='bbox 1083 2398 1150 2448; x_wconf 84' lang='lat' dir='ltr'>Exc.</span> <span class='ocrx_word' id='word_1_164' title='bbox 1159 2399 1240 2448; x_wconf 74' lang='lat' dir='ltr'>Voss.</span> 
     </span>
     <span class='ocr_line' id='line_1_21' title="bbox 130 2460 1240 2527; baseline 0.002 -15"><span class='ocrx_word' id='word_1_165' title='bbox 130 2461 245 2520; x_wconf 83' lang='lat' dir='ltr'>Gnetptr.</span> <span class='ocrx_word' id='word_1_166' title='bbox 263 2461 365 2509; x_wconf 87' lang='lat' dir='ltr'>Bertin.</span> <span class='ocrx_word' id='word_1_167' title='bbox 377 2461 484 2523; x_wconf 88' lang='lat' dir='ltr'>Cuspin.</span> <span class='ocrx_word' id='word_1_168' title='bbox 496 2471 523 2511; x_wconf 89' lang='lat' dir='ltr'>et</span> <span class='ocrx_word' id='word_1_169' title='bbox 541 2461 602 2512; x_wconf 87' lang='lat' dir='ltr'>edd.</span> <span class='ocrx_word' id='word_1_170' title='bbox 615 2463 777 2511; x_wconf 69' lang='lat' dir='ltr'>recente-2</span> <span class='ocrx_word' id='word_1_171' title='bbox 796 2460 860 2508; x_wconf 85' lang='lat' dir='ltr'>Nem</span> <span class='ocrx_word' id='word_1_172' title='bbox 870 2475 893 2522; x_wconf 81' lang='lat' dir='ltr'>q.</span> <span class='ocrx_word' id='word_1_173' title='bbox 911 2475 935 2508; x_wconf 85' lang='lat' dir='ltr'>e·</span> <span class='ocrx_word' id='word_1_174' title='bbox 952 2460 1112 2522; x_wconf 76' lang='lat' dir='ltr'>Imperatores</span> <span class='ocrx_word' id='word_1_175' title='bbox 1123 2463 1240 2527; x_wconf 79' lang='lat' dir='ltr'>Gnetph.</span> 
     </span>
     <span class='ocr_line' id='line_1_22' title="bbox 131 2524 1238 2590; baseline 0.002 -15"><span class='ocrx_word' id='word_1_176' title='bbox 131 2532 159 2575; x_wconf 87' lang='lat' dir='ltr'>et</span> <span class='ocrx_word' id='word_1_177' title='bbox 181 2525 246 2573; x_wconf 79' lang='lat' dir='ltr'>Esc.</span> <span class='ocrx_word' id='word_1_178' title='bbox 266 2524 394 2575; x_wconf 69' lang='lat' dir='ltr'>Voss-3</span> <span class='ocrx_word' id='word_1_179' title='bbox 413 2526 495 2574; x_wconf 85' lang='lat' dir='ltr'>Lirin.</span> <span class='ocrx_word' id='word_1_180' title='bbox 514 2528 580 2590; x_wconf 88' lang='lat' dir='ltr'>conj.</span> <span class='ocrx_word' id='word_1_181' title='bbox 597 2528 623 2575; x_wconf 85' lang='lat' dir='ltr'>id</span> <span class='ocrx_word' id='word_1_182' title='bbox 640 2528 712 2590; x_wconf 78' lang='lat' dir='ltr'>qaod,</span> <span class='ocrx_word' id='word_1_183' title='bbox 732 2530 759 2573; x_wconf 79' lang='lat' dir='ltr'>st</span> <span class='ocrx_word' id='word_1_184' title='bbox 780 2524 893 2574; x_wconf 80' lang='lat' dir='ltr'>arbitror.</span> <span class='ocrx_word' id='word_1_185' title='bbox 926 2524 992 2572; x_wconf 80' lang='lat' dir='ltr'>Voc·</span> <span class='ocrx_word' id='word_1_186' title='bbox 1008 2530 1034 2572; x_wconf 77' lang='lat' dir='ltr'>rit</span> <span class='ocrx_word' id='word_1_187' title='bbox 1054 2527 1131 2576; x_wconf 83' lang='lat' dir='ltr'>deest</span> <span class='ocrx_word' id='word_1_188' title='bbox 1151 2529 1177 2576; x_wconf 89' lang='lat' dir='ltr'>in</span> <span class='ocrx_word' id='word_1_189' title='bbox 1194 2529 1238 2577; x_wconf 86' lang='lat' dir='ltr'>ed.</span> 
     </span>
     <span class='ocr_line' id='line_1_23' title="bbox 131 2589 1240 2642; baseline 0.003 -2"><span class='ocrx_word' id='word_1_190' title='bbox 131 2591 216 2640; x_wconf 80' lang='lat' dir='ltr'>Brun.</span> <span class='ocrx_word' id='word_1_191' title='bbox 232 2590 327 2638; x_wconf 76' lang='lat' dir='ltr'>luridum</span> <span class='ocrx_word' id='word_1_192' title='bbox 343 2595 439 2639; x_wconf 76' lang='lat' dir='ltr'>tearum</span> <span class='ocrx_word' id='word_1_193' title='bbox 456 2593 516 2640; x_wconf 87' lang='lat' dir='ltr'>Vet.</span> <span class='ocrx_word' id='word_1_194' title='bbox 532 2592 645 2640; x_wconf 86' lang='lat' dir='ltr'>Putean.</span> <span class='ocrx_word' id='word_1_195' title='bbox 658 2590 745 2640; x_wconf 86' lang='lat' dir='ltr'>Moert.</span> <span class='ocrx_word' id='word_1_196' title='bbox 763 2589 830 2639; x_wconf 86' lang='lat' dir='ltr'>Gnet</span> <span class='ocrx_word' id='word_1_197' title='bbox 851 2589 877 2637; x_wconf 85' lang='lat' dir='ltr'>tr.</span> <span class='ocrx_word' id='word_1_198' title='bbox 896 2589 962 2637; x_wconf 77' lang='lat' dir='ltr'>Ere.</span> <span class='ocrx_word' id='word_1_199' title='bbox 978 2589 1053 2638; x_wconf 86' lang='lat' dir='ltr'>Voss.</span> <span class='ocrx_word' id='word_1_200' title='bbox 1077 2591 1171 2641; x_wconf 75' lang='lat' dir='ltr'>trecens</span> <span class='ocrx_word' id='word_1_201' title='bbox 1187 2608 1240 2642; x_wconf 82' lang='lat' dir='ltr'>esre</span> 
     </span>
     <span class='ocr_line' id='line_1_24' title="bbox 131 2603 1238 2707; baseline 0.003 -3"><span class='ocrx_word' id='word_1_202' title='bbox 131 2654 228 2704; x_wconf 70' lang='lat' dir='ltr'>deerunt</span> <span class='ocrx_word' id='word_1_203' title='bbox 239 2655 265 2703; x_wconf 90' lang='lat' dir='ltr'>in</span> <span class='ocrx_word' id='word_1_204' title='bbox 277 2653 337 2702; x_wconf 88' lang='lat' dir='ltr'>edd.</span> <span class='ocrx_word' id='word_1_205' title='bbox 349 2662 415 2704; x_wconf 84' lang='lat' dir='ltr'>vett.</span> <span class='ocrx_word' id='word_1_206' title='bbox 426 2662 519 2705; x_wconf 84' lang='lat' dir='ltr'>extant</span> <span class='ocrx_word' id='word_1_207' title='bbox 532 2657 557 2704; x_wconf 92' lang='lat' dir='ltr'>in</span> <span class='ocrx_word' id='word_1_208' title='bbox 573 2657 650 2706; x_wconf 88' lang='lat' dir='ltr'>codd.</span> <span class='ocrx_word' id='word_1_209' title='bbox 660 2657 772 2705; x_wconf 83' lang='lat' dir='ltr'>Putean.</span> <span class='ocrx_word' id='word_1_210' title='bbox 784 2603 853 2702; x_wconf 57' lang='lat' dir='ltr'>(ini).</span> <span class='ocrx_word' id='word_1_211' title='bbox 864 2653 951 2702; x_wconf 80' lang='lat' dir='ltr'>Moert.</span> <span class='ocrx_word' id='word_1_212' title='bbox 963 2661 991 2700; x_wconf 86' lang='lat' dir='ltr'>et</span> <span class='ocrx_word' id='word_1_213' title='bbox 1004 2655 1068 2705; x_wconf 81' lang='lat' dir='ltr'>Exc.</span> <span class='ocrx_word' id='word_1_214' title='bbox 1080 2655 1156 2705; x_wconf 79' lang='lat' dir='ltr'>Voss.</span> <span class='ocrx_word' id='word_1_215' title='bbox 1185 2658 1238 2707; x_wconf 82' lang='lat' dir='ltr'>Pro</span> 
     </span>
     <span class='ocr_line' id='line_1_25' title="bbox 129 2717 1240 2785; baseline 0.002 -17"><span class='ocrx_word' id='word_1_216' title='bbox 129 2720 221 2783; x_wconf 77' lang='lat' dir='ltr'>respui,</span> <span class='ocrx_word' id='word_1_217' title='bbox 236 2718 380 2769; x_wconf 85' lang='lat' dir='ltr'>Schenkins</span> <span class='ocrx_word' id='word_1_218' title='bbox 399 2722 472 2770; x_wconf 88' lang='lat' dir='ltr'>malit</span> <span class='ocrx_word' id='word_1_219' title='bbox 487 2722 620 2784; x_wconf 76' lang='lat' dir='ltr'>restringi3</span> <span class='ocrx_word' id='word_1_220' title='bbox 636 2720 697 2769; x_wconf 84' lang='lat' dir='ltr'>edd.</span> <span class='ocrx_word' id='word_1_221' title='bbox 707 2728 771 2768; x_wconf 80' lang='lat' dir='ltr'>vett.</span> <span class='ocrx_word' id='word_1_222' title='bbox 782 2732 908 2780; x_wconf 65' lang='lat' dir='ltr'>respuerer</span> <span class='ocrx_word' id='word_1_223' title='bbox 925 2717 1028 2768; x_wconf 80' lang='lat' dir='ltr'>Acidat.</span> <span class='ocrx_word' id='word_1_224' title='bbox 1044 2721 1113 2783; x_wconf 86' lang='lat' dir='ltr'>conj.</span> <span class='ocrx_word' id='word_1_225' title='bbox 1129 2723 1240 2785; x_wconf 63' lang='lat' dir='ltr'>requirit</span> 
     </span>
     <span class='ocr_line' id='line_1_26' title="bbox 131 2781 1240 2848; baseline 0.003 -15"><span class='ocrx_word' id='word_1_226' title='bbox 131 2784 253 2834; x_wconf 83' lang='lat' dir='ltr'>Barthius</span> <span class='ocrx_word' id='word_1_227' title='bbox 270 2785 415 2848; x_wconf 74' lang='lat' dir='ltr'>respici-4</span> <span class='ocrx_word' id='word_1_228' title='bbox 432 2787 440 2814; x_wconf 90' lang='lat'>‘</span> <span class='ocrx_word' id='word_1_229' title='bbox 455 2786 561 2845; x_wconf 88' lang='lat' dir='ltr'>Nescio,</span> <span class='ocrx_word' id='word_1_230' title='bbox 577 2802 609 2835; x_wconf 83' lang='lat' dir='ltr'>sn</span> <span class='ocrx_word' id='word_1_231' title='bbox 628 2787 688 2834; x_wconf 86' lang='lat' dir='ltr'>ittud</span> <span class='ocrx_word' id='word_1_232' title='bbox 704 2781 852 2845; x_wconf 66' lang='lat' dir='ltr'>compendii!</span> <span class='ocrx_word' id='word_1_233' title='bbox 885 2781 987 2830; x_wconf 82' lang='lat' dir='ltr'>Acidat.</span> <span class='ocrx_word' id='word_1_234' title='bbox 1003 2785 1071 2832; x_wconf 78' lang='lat' dir='ltr'>‘son</span> <span class='ocrx_word' id='word_1_235' title='bbox 1081 2789 1145 2848; x_wconf 72' lang='lat' dir='ltr'>quod</span> <span class='ocrx_word' id='word_1_236' title='bbox 1159 2801 1240 2836; x_wconf 73' lang='lat' dir='ltr'>omes</span> 
     </span>
     <span class='ocr_line' id='line_1_27' title="bbox 130 2844 1238 2907; baseline 0.002 -8"><span class='ocrx_word' id='word_1_237' title='bbox 130 2849 235 2900; x_wconf 87' lang='lat' dir='ltr'>Bertin.</span> <span class='ocrx_word' id='word_1_238' title='bbox 246 2849 329 2898; x_wconf 76' lang='lat' dir='ltr'>mate-⁹</span> <span class='ocrx_word' id='word_1_239' title='bbox 362 2849 445 2899; x_wconf 81' lang='lat' dir='ltr'>Lirin.</span> <span class='ocrx_word' id='word_1_240' title='bbox 461 2865 548 2907; x_wconf 75' lang='lat' dir='ltr'>omnes,</span> <span class='ocrx_word' id='word_1_241' title='bbox 567 2850 718 2900; x_wconf 68' lang='lat' dir='ltr'>invictissimi</span> <span class='ocrx_word' id='word_1_242' title='bbox 737 2849 821 2897; x_wconf 83' lang='lat' dir='ltr'>Ririn.</span> <span class='ocrx_word' id='word_1_243' title='bbox 832 2853 859 2896; x_wconf 88' lang='lat' dir='ltr'>et</span> <span class='ocrx_word' id='word_1_244' title='bbox 870 2844 932 2897; x_wconf 90' lang='lat' dir='ltr'>edd.</span> <span class='ocrx_word' id='word_1_245' title='bbox 949 2859 1060 2898; x_wconf 85' lang='lat' dir='ltr'>recentt.</span> <span class='ocrx_word' id='word_1_246' title='bbox 1078 2865 1120 2898; x_wconf 82' lang='lat' dir='ltr'>vos</span> <span class='ocrx_word' id='word_1_247' title='bbox 1139 2851 1238 2901; x_wconf 81' lang='lat' dir='ltr'>habent</span> 
     </span>
     <span class='ocr_line' id='line_1_28' title="bbox 130 2913 1238 2979; baseline 0.002 -15"><span class='ocrx_word' id='word_1_248' title='bbox 130 2914 232 2964; x_wconf 85' lang='lat' dir='ltr'>Bertin.</span> <span class='ocrx_word' id='word_1_249' title='bbox 244 2914 351 2976; x_wconf 81' lang='lat' dir='ltr'>cuspin.</span> <span class='ocrx_word' id='word_1_250' title='bbox 363 2915 477 2979; x_wconf 82' lang='lat' dir='ltr'>Guetph.</span> <span class='ocrx_word' id='word_1_251' title='bbox 489 2918 555 2966; x_wconf 78' lang='lat' dir='ltr'>Exc.</span> <span class='ocrx_word' id='word_1_252' title='bbox 566 2918 641 2964; x_wconf 80' lang='lat' dir='ltr'>Voss.</span> <span class='ocrx_word' id='word_1_253' title='bbox 654 2915 732 2964; x_wconf 88' lang='lat' dir='ltr'>Grnt.</span> <span class='ocrx_word' id='word_1_254' title='bbox 750 2921 777 2961; x_wconf 87' lang='lat' dir='ltr'>et</span> <span class='ocrx_word' id='word_1_255' title='bbox 794 2913 855 2960; x_wconf 88' lang='lat' dir='ltr'>edd.</span> <span class='ocrx_word' id='word_1_256' title='bbox 872 2921 982 2962; x_wconf 74' lang='lat' dir='ltr'>receuti.</span> <span class='ocrx_word' id='word_1_257' title='bbox 1000 2914 1169 2966; x_wconf 75' lang='lat' dir='ltr'>invictissimos</span> <span class='ocrx_word' id='word_1_258' title='bbox 1185 2917 1238 2978; x_wconf 75' lang='lat' dir='ltr'>legi</span> 
     </span>
     <span class='ocr_line' id='line_1_29' title="bbox 128 2978 1238 3043; baseline 0.004 -15"><span class='ocrx_word' id='word_1_259' title='bbox 128 2979 207 3043; x_wconf 83' lang='lat' dir='ltr'>jubet</span> <span class='ocrx_word' id='word_1_260' title='bbox 219 2979 322 3029; x_wconf 86' lang='lat' dir='ltr'>Acidat.</span> <span class='ocrx_word' id='word_1_261' title='bbox 337 2994 434 3030; x_wconf 76' lang='lat' dir='ltr'>concors</span> <span class='ocrx_word' id='word_1_262' title='bbox 452 2986 476 3030; x_wconf 92' lang='lat' dir='ltr'>et</span> <span class='ocrx_word' id='word_1_263' title='bbox 494 2981 558 3030; x_wconf 84' lang='lat' dir='ltr'>socie</span> <span class='ocrx_word' id='word_1_264' title='bbox 574 2987 611 3030; x_wconf 86' lang='lat' dir='ltr'>est</span> <span class='ocrx_word' id='word_1_265' title='bbox 629 2979 784 3028; x_wconf 74' lang='lat' dir='ltr'>Vettium.</span> <span class='ocrx_word' id='word_1_266' title='bbox 801 2991 895 3025; x_wconf 79' lang='lat' dir='ltr'>consors</span> <span class='ocrx_word' id='word_1_267' title='bbox 910 2978 978 3041; x_wconf 72' lang='lat' dir='ltr'>conj·</span> <span class='ocrx_word' id='word_1_268' title='bbox 998 2978 1102 3030; x_wconf 81' lang='lat' dir='ltr'>Acidst.</span> <span class='ocrx_word' id='word_1_269' title='bbox 1119 2982 1238 3032; x_wconf 80' lang='lat' dir='ltr'>‘Metius</span> 
     </span>
     <span class='ocr_line' id='line_1_30' title="bbox 130 3041 1239 3107; baseline 0.003 -14"><span class='ocrx_word' id='word_1_270' title='bbox 130 3059 242 3102; x_wconf 59' lang='lat' dir='ltr'>concern</span> <span class='ocrx_word' id='word_1_271' title='bbox 259 3045 368 3093; x_wconf 83' lang='lat' dir='ltr'>atterum</span> <span class='ocrx_word' id='word_1_272' title='bbox 381 3045 450 3093; x_wconf 88' lang='lat' dir='ltr'>enim</span> <span class='ocrx_word' id='word_1_273' title='bbox 468 3046 532 3094; x_wconf 84' lang='lat' dir='ltr'>nihii</span> <span class='ocrx_word' id='word_1_274' title='bbox 549 3061 563 3094; x_wconf 86' lang='lat' dir='ltr'>a</span> <span class='ocrx_word' id='word_1_275' title='bbox 580 3044 644 3094; x_wconf 84' lang='lat' dir='ltr'>socie</span> <span class='ocrx_word' id='word_1_276' title='bbox 661 3042 761 3093; x_wconf 65' lang='lat' dir='ltr'>distat!</span> <span class='ocrx_word' id='word_1_277' title='bbox 776 3042 865 3091; x_wconf 78' lang='lat' dir='ltr'>Arate.</span> <span class='ocrx_word' id='word_1_278' title='bbox 899 3041 1100 3105; x_wconf 57' lang='lat' dir='ltr'>Proserpinam,</span> <span class='ocrx_word' id='word_1_279' title='bbox 1112 3045 1181 3107; x_wconf 83' lang='lat' dir='ltr'>qnod</span> <span class='ocrx_word' id='word_1_280' title='bbox 1194 3046 1239 3096; x_wconf 85' lang='lat' dir='ltr'>trs·</span> 
     </span>
     <span class='ocr_line' id='line_1_31' title="bbox 130 3107 1238 3172; baseline 0.004 -15"><span class='ocrx_word' id='word_1_281' title='bbox 130 3108 196 3157; x_wconf 87' lang='lat' dir='ltr'>bent</span> <span class='ocrx_word' id='word_1_282' title='bbox 208 3109 274 3158; x_wconf 81' lang='lat' dir='ltr'>Exc.</span> <span class='ocrx_word' id='word_1_283' title='bbox 285 3108 366 3170; x_wconf 77' lang='lat' dir='ltr'>Leug·</span> <span class='ocrx_word' id='word_1_284' title='bbox 375 3116 403 3158; x_wconf 90' lang='lat' dir='ltr'>et</span> <span class='ocrx_word' id='word_1_285' title='bbox 414 3109 455 3159; x_wconf 84' lang='lat' dir='ltr'>ed.</span> <span class='ocrx_word' id='word_1_286' title='bbox 464 3111 547 3160; x_wconf 86' lang='lat' dir='ltr'>Rhen.</span> <span class='ocrx_word' id='word_1_287' title='bbox 560 3119 587 3160; x_wconf 91' lang='lat' dir='ltr'>et</span> <span class='ocrx_word' id='word_1_288' title='bbox 597 3109 689 3172; x_wconf 83' lang='lat' dir='ltr'>steph.</span> <span class='ocrx_word' id='word_1_289' title='bbox 703 3108 830 3170; x_wconf 76' lang='lat' dir='ltr'>surripiam</span> <span class='ocrx_word' id='word_1_290' title='bbox 840 3107 937 3168; x_wconf 72' lang='lat' dir='ltr'>legitur</span> <span class='ocrx_word' id='word_1_291' title='bbox 948 3109 975 3155; x_wconf 92' lang='lat' dir='ltr'>in</span> <span class='ocrx_word' id='word_1_292' title='bbox 984 3108 1050 3158; x_wconf 83' lang='lat' dir='ltr'>Este.</span> <span class='ocrx_word' id='word_1_293' title='bbox 1062 3109 1141 3158; x_wconf 83' lang='lat' dir='ltr'>Voss.</span> <span class='ocrx_word' id='word_1_294' title='bbox 1150 3110 1238 3160; x_wconf 79' lang='lat' dir='ltr'>Moeri.</span> 
     </span>
     <span class='ocr_line' id='line_1_32' title="bbox 132 3171 1238 3238; baseline 0.002 -16"><span class='ocrx_word' id='word_1_295' title='bbox 132 3171 204 3222; x_wconf 78' lang='lat' dir='ltr'>Gud.</span> <span class='ocrx_word' id='word_1_296' title='bbox 218 3173 301 3221; x_wconf 83' lang='lat' dir='ltr'>Paris.</span> <span class='ocrx_word' id='word_1_297' title='bbox 314 3174 427 3222; x_wconf 84' lang='lat' dir='ltr'>Patarot.</span> <span class='ocrx_word' id='word_1_298' title='bbox 439 3175 535 3225; x_wconf 84' lang='lat' dir='ltr'>Celtar.</span> <span class='ocrx_word' id='word_1_299' title='bbox 547 3183 574 3224; x_wconf 87' lang='lat' dir='ltr'>et</span> <span class='ocrx_word' id='word_1_300' title='bbox 585 3175 646 3223; x_wconf 86' lang='lat' dir='ltr'>edd.</span> <span class='ocrx_word' id='word_1_301' title='bbox 658 3181 770 3222; x_wconf 79' lang='lat' dir='ltr'>recentt.</span> <span class='ocrx_word' id='word_1_302' title='bbox 786 3176 794 3200; x_wconf 80' lang='lat'>⁸</span> <span class='ocrx_word' id='word_1_303' title='bbox 806 3172 899 3220; x_wconf 78' lang='lat' dir='ltr'>sumini</span> <span class='ocrx_word' id='word_1_304' title='bbox 915 3174 981 3222; x_wconf 85' lang='lat' dir='ltr'>mate</span> <span class='ocrx_word' id='word_1_305' title='bbox 998 3173 1072 3221; x_wconf 85' lang='lat' dir='ltr'>deest</span> <span class='ocrx_word' id='word_1_306' title='bbox 1084 3176 1110 3222; x_wconf 88' lang='lat' dir='ltr'>in</span> <span class='ocrx_word' id='word_1_307' title='bbox 1124 3175 1238 3238; x_wconf 83' lang='lat' dir='ltr'>Gnetptr.</span> 
     </span>
     <span class='ocr_line' id='line_1_33' title="bbox 132 3236 1293 3300; baseline 0.002 -14"><span class='ocrx_word' id='word_1_308' title='bbox 132 3243 161 3286; x_wconf 82' lang='lat' dir='ltr'>et</span> <span class='ocrx_word' id='word_1_309' title='bbox 172 3238 236 3287; x_wconf 83' lang='lat' dir='ltr'>Exc.</span> <span class='ocrx_word' id='word_1_310' title='bbox 247 3237 334 3288; x_wconf 68' lang='lat' dir='ltr'>Voss!</span> <span class='ocrx_word' id='word_1_311' title='bbox 348 3239 486 3288; x_wconf 64' lang='lat' dir='ltr'>Arata-d</span> <span class='ocrx_word' id='word_1_312' title='bbox 503 3241 570 3290; x_wconf 82' lang='lat' dir='ltr'>Vos.</span> <span class='ocrx_word' id='word_1_313' title='bbox 586 3247 666 3290; x_wconf 80' lang='lat' dir='ltr'>tamea</span> <span class='ocrx_word' id='word_1_314' title='bbox 677 3239 749 3288; x_wconf 85' lang='lat' dir='ltr'>deest</span> <span class='ocrx_word' id='word_1_315' title='bbox 762 3240 787 3285; x_wconf 91' lang='lat' dir='ltr'>in</span> <span class='ocrx_word' id='word_1_316' title='bbox 800 3236 860 3285; x_wconf 83' lang='lat' dir='ltr'>edd.</span> <span class='ocrx_word' id='word_1_317' title='bbox 879 3237 996 3286; x_wconf 83' lang='lat' dir='ltr'>Rhenau.</span> <span class='ocrx_word' id='word_1_318' title='bbox 1011 3239 1101 3300; x_wconf 81' lang='lat' dir='ltr'>Steph.</span> <span class='ocrx_word' id='word_1_319' title='bbox 1113 3248 1141 3288; x_wconf 87' lang='lat' dir='ltr'>et</span> <span class='ocrx_word' id='word_1_320' title='bbox 1154 3241 1238 3288; x_wconf 82' lang='lat' dir='ltr'>Ririn.</span> <span class='ocrx_word' id='word_1_321' title='bbox 1290 3271 1293 3279; x_wconf 83' lang='lat'><em>-</em></span> 
     </span>
     <span class='ocr_line' id='line_1_34' title="bbox 132 3302 1239 3364; baseline 0.002 -14"><span class='ocrx_word' id='word_1_322' title='bbox 132 3309 207 3350; x_wconf 83' lang='lat' dir='ltr'>estat</span> <span class='ocrx_word' id='word_1_323' title='bbox 221 3304 247 3350; x_wconf 89' lang='lat' dir='ltr'>in</span> <span class='ocrx_word' id='word_1_324' title='bbox 259 3303 319 3352; x_wconf 89' lang='lat' dir='ltr'>Vet.</span> <span class='ocrx_word' id='word_1_325' title='bbox 338 3304 449 3353; x_wconf 87' lang='lat' dir='ltr'>Putean.</span> <span class='ocrx_word' id='word_1_326' title='bbox 462 3306 523 3355; x_wconf 84' lang='lat' dir='ltr'>Exc.</span> <span class='ocrx_word' id='word_1_327' title='bbox 542 3304 688 3353; x_wconf 84' lang='lat' dir='ltr'>Schontror.</span> <span class='ocrx_word' id='word_1_328' title='bbox 705 3303 815 3364; x_wconf 81' lang='lat' dir='ltr'>etiisqne</span> <span class='ocrx_word' id='word_1_329' title='bbox 834 3302 912 3350; x_wconf 82' lang='lat' dir='ltr'>codd.</span> <span class='ocrx_word' id='word_1_330' title='bbox 921 3303 966 3360; x_wconf 83' lang='lat' dir='ltr'>fes</span> <span class='ocrx_word' id='word_1_331' title='bbox 982 3307 1019 3350; x_wconf 86' lang='lat' dir='ltr'>est</span> <span class='ocrx_word' id='word_1_332' title='bbox 1037 3306 1142 3352; x_wconf 72' lang='lat' dir='ltr'>enniani</span> <span class='ocrx_word' id='word_1_333' title='bbox 1155 3306 1239 3354; x_wconf 82' lang='lat' dir='ltr'>Ririn.</span> 
     </span>
     <span class='ocr_line' id='line_1_35' title="bbox 133 3367 1239 3433; baseline 0.004 -17"><span class='ocrx_word' id='word_1_334' title='bbox 133 3367 195 3416; x_wconf 88' lang='lat' dir='ltr'>edd.</span> <span class='ocrx_word' id='word_1_335' title='bbox 214 3368 334 3427; x_wconf 71' lang='lat' dir='ltr'>vett-sus</span> <span class='ocrx_word' id='word_1_336' title='bbox 351 3384 401 3418; x_wconf 88' lang='lat' dir='ltr'>esee</span> <span class='ocrx_word' id='word_1_337' title='bbox 417 3372 485 3428; x_wconf 83' lang='lat' dir='ltr'>duco,</span> <span class='ocrx_word' id='word_1_338' title='bbox 504 3370 607 3420; x_wconf 82' lang='lat' dir='ltr'>omnium</span> <span class='ocrx_word' id='word_1_339' title='bbox 625 3370 686 3418; x_wconf 85' lang='lat' dir='ltr'>Vet.</span> <span class='ocrx_word' id='word_1_340' title='bbox 705 3369 818 3418; x_wconf 85' lang='lat' dir='ltr'>Putean.</span> <span class='ocrx_word' id='word_1_341' title='bbox 836 3367 898 3415; x_wconf 77' lang='lat' dir='ltr'>Vet-</span> <span class='ocrx_word' id='word_1_342' title='bbox 915 3367 1000 3417; x_wconf 86' lang='lat' dir='ltr'>Lirin.</span> <span class='ocrx_word' id='word_1_343' title='bbox 1018 3367 1120 3418; x_wconf 82' lang='lat' dir='ltr'>Bertin.</span> <span class='ocrx_word' id='word_1_344' title='bbox 1131 3371 1239 3433; x_wconf 78' lang='lat' dir='ltr'>cuspin.</span> 
     </span>
    </p>
   </div>
   <div class='ocr_carea' id='block_1_6' title="bbox 134 3568 1239 4096">
    <p class='ocr_par' dir='ltr' id='par_1_6' title="bbox 134 3568 1239 4096">
     <span class='ocr_line' id='line_1_36' title="bbox 166 3568 1238 3639; baseline 0.005 -21"><span class='ocrx_word' id='word_1_345' title='bbox 166 3577 178 3604; x_wconf 75' lang='lat'><strong>⁰</strong></span> <span class='ocrx_word' id='word_1_346' title='bbox 195 3569 255 3618; x_wconf 87' lang='lat' dir='ltr'>Nisi</span> <span class='ocrx_word' id='word_1_347' title='bbox 270 3570 312 3618; x_wconf 81' lang='lat' dir='ltr'>diu</span> <span class='ocrx_word' id='word_1_348' title='bbox 327 3571 453 3634; x_wconf 79' lang='lat' dir='ltr'>scripturn]</span> <span class='ocrx_word' id='word_1_349' title='bbox 472 3574 599 3638; x_wconf 81' lang='lat' dir='ltr'>Respexit</span> <span class='ocrx_word' id='word_1_350' title='bbox 616 3588 663 3636; x_wconf 92' lang='lat' dir='ltr'>pro</span> <span class='ocrx_word' id='word_1_351' title='bbox 703 3571 782 3634; x_wconf 81' lang='lat' dir='ltr'>respui</span> <span class='ocrx_word' id='word_1_352' title='bbox 793 3569 934 3634; x_wconf 80' lang='lat' dir='ltr'>[orationem</span> <span class='ocrx_word' id='word_1_353' title='bbox 944 3585 1019 3620; x_wconf 84' lang='lat' dir='ltr'>meum</span> <span class='ocrx_word' id='word_1_354' title='bbox 1029 3568 1122 3633; x_wconf 74' lang='lat' dir='ltr'>respui]</span> <span class='ocrx_word' id='word_1_355' title='bbox 1135 3572 1238 3639; x_wconf 73' lang='lat' dir='ltr'>Legunt</span> 
     </span>
     <span class='ocr_line' id='line_1_37' title="bbox 134 3645 1238 3714; baseline 0.003 -17"><span class='ocrx_word' id='word_1_356' title='bbox 134 3659 205 3697; x_wconf 80' lang='lat' dir='ltr'>more</span> <span class='ocrx_word' id='word_1_357' title='bbox 218 3660 263 3695; x_wconf 86' lang='lat' dir='ltr'>suo</span> <span class='ocrx_word' id='word_1_358' title='bbox 281 3647 421 3698; x_wconf 76' lang='lat' dir='ltr'>Eumenius</span> <span class='ocrx_word' id='word_1_359' title='bbox 439 3649 471 3698; x_wconf 84' lang='lat' dir='ltr'>ed</span> <span class='ocrx_word' id='word_1_360' title='bbox 487 3652 571 3700; x_wconf 88' lang='lat' dir='ltr'>locum</span> <span class='ocrx_word' id='word_1_361' title='bbox 586 3649 665 3700; x_wconf 82' lang='lat' dir='ltr'>Tullii</span> <span class='ocrx_word' id='word_1_362' title='bbox 706 3649 750 3697; x_wconf 84' lang='lat' dir='ltr'>etii</span> <span class='ocrx_word' id='word_1_363' title='bbox 769 3648 899 3697; x_wconf 79' lang='lat' dir='ltr'>orationem</span> <span class='ocrx_word' id='word_1_364' title='bbox 918 3662 993 3696; x_wconf 86' lang='lat' dir='ltr'>meum</span> <span class='ocrx_word' id='word_1_365' title='bbox 1013 3645 1168 3710; x_wconf 81' lang='lat' dir='ltr'>desiderori,·¹</span> <span class='ocrx_word' id='word_1_366' title='bbox 1187 3653 1238 3714; x_wconf 86' lang='lat' dir='ltr'>atii,</span> 
     </span>
     <span class='ocr_line' id='line_1_38' title="bbox 134 3721 1236 3792; baseline 0.006 -22"><span class='ocrx_word' id='word_1_367' title='bbox 134 3736 182 3786; x_wconf 93' lang='lat' dir='ltr'>pro</span> <span class='ocrx_word' id='word_1_368' title='bbox 201 3721 272 3786; x_wconf 78' lang='lat' dir='ltr'>Lege</span> <span class='ocrx_word' id='word_1_369' title='bbox 285 3723 378 3772; x_wconf 77' lang='lat' dir='ltr'>diruit.</span> <span class='ocrx_word' id='word_1_370' title='bbox 392 3740 449 3788; x_wconf 87' lang='lat' dir='ltr'>cap.</span> <span class='ocrx_word' id='word_1_371' title='bbox 460 3731 485 3776; x_wconf 77' lang='lat'>2·</span> <span class='ocrx_word' id='word_1_372' title='bbox 501 3727 588 3777; x_wconf 83' lang='lat' dir='ltr'>‘Nam</span> <span class='ocrx_word' id='word_1_373' title='bbox 605 3741 664 3776; x_wconf 90' lang='lat' dir='ltr'>cum</span> <span class='ocrx_word' id='word_1_374' title='bbox 705 3724 797 3788; x_wconf 76' lang='lat' dir='ltr'>requiri</span> <span class='ocrx_word' id='word_1_375' title='bbox 804 3741 815 3784; x_wconf 90' lang='lat'>,·</span> <span class='ocrx_word' id='word_1_376' title='bbox 832 3724 885 3787; x_wconf 83' lang='lat' dir='ltr'>atii,</span> <span class='ocrx_word' id='word_1_377' title='bbox 896 3724 988 3774; x_wconf 78' lang='lat' dir='ltr'>breuem</span> <span class='ocrx_word' id='word_1_378' title='bbox 999 3739 1059 3786; x_wconf 88' lang='lat' dir='ltr'>esse,</span> <span class='ocrx_word' id='word_1_379' title='bbox 1068 3741 1139 3788; x_wconf 78' lang='lat' dir='ltr'>quum</span> <span class='ocrx_word' id='word_1_380' title='bbox 1150 3729 1236 3792; x_wconf 75' lang='lat' dir='ltr'>respui,</span> 
     </span>
     <span class='ocr_line' id='line_1_39' title="bbox 135 3800 1237 3867; baseline 0.003 -17"><span class='ocrx_word' id='word_1_381' title='bbox 135 3805 212 3850; x_wconf 73' lang='lat' dir='ltr'>antea</span> <span class='ocrx_word' id='word_1_382' title='bbox 224 3813 272 3862; x_wconf 87' lang='lat' dir='ltr'>per</span> <span class='ocrx_word' id='word_1_383' title='bbox 282 3805 387 3849; x_wconf 83' lang='lat' dir='ltr'>aetutem</span> <span class='ocrx_word' id='word_1_384' title='bbox 397 3801 509 3850; x_wconf 89' lang='lat' dir='ltr'>nondum</span> <span class='ocrx_word' id='word_1_385' title='bbox 519 3803 595 3867; x_wconf 85' lang='lat' dir='ltr'>hujus</span> <span class='ocrx_word' id='word_1_386' title='bbox 605 3818 665 3853; x_wconf 84' lang='lat' dir='ltr'>unc·</span> <span class='ocrx_word' id='word_1_387' title='bbox 707 3801 732 3849; x_wconf 91' lang='lat' dir='ltr'>id</span> <span class='ocrx_word' id='word_1_388' title='bbox 751 3809 801 3857; x_wconf 87' lang='lat' dir='ltr'>eet,</span> <span class='ocrx_word' id='word_1_389' title='bbox 816 3802 890 3864; x_wconf 78' lang='lat' dir='ltr'>qnam</span> <span class='ocrx_word' id='word_1_390' title='bbox 907 3800 991 3860; x_wconf 85' lang='lat' dir='ltr'>renni,</span> <span class='ocrx_word' id='word_1_391' title='bbox 1008 3809 1150 3864; x_wconf 87' lang='lat' dir='ltr'>propterea</span> <span class='ocrx_word' id='word_1_392' title='bbox 1170 3804 1237 3867; x_wconf 86' lang='lat' dir='ltr'>qnod</span> 
     </span>
     <span class='ocr_line' id='line_1_40' title="bbox 135 3873 1237 3944; baseline 0.004 -18"><span class='ocrx_word' id='word_1_393' title='bbox 135 3876 270 3926; x_wconf 82' lang='lat' dir='ltr'>toritatem</span> <span class='ocrx_word' id='word_1_394' title='bbox 287 3876 338 3925; x_wconf 89' lang='lat' dir='ltr'>toci</span> <span class='ocrx_word' id='word_1_395' title='bbox 356 3877 506 3939; x_wconf 77' lang='lat' dir='ltr'>contingere</span> <span class='ocrx_word' id='word_1_396' title='bbox 523 3879 663 3930; x_wconf 81' lang='lat' dir='ltr'>auderem:</span> <span class='ocrx_word' id='word_1_397' title='bbox 707 3876 812 3929; x_wconf 79' lang='lat' dir='ltr'>medinm</span> <span class='ocrx_word' id='word_1_398' title='bbox 825 3877 898 3925; x_wconf 86' lang='lat' dir='ltr'>robis</span> <span class='ocrx_word' id='word_1_399' title='bbox 912 3873 1019 3926; x_wconf 83' lang='lat' dir='ltr'>afferat:</span> <span class='ocrx_word' id='word_1_400' title='bbox 1034 3877 1086 3934; x_wconf 84' lang='lat' dir='ltr'>ulii,</span> <span class='ocrx_word' id='word_1_401' title='bbox 1103 3880 1200 3944; x_wconf 79' lang='lat' dir='ltr'>respici,</span> <span class='ocrx_word' id='word_1_402' title='bbox 1211 3877 1237 3930; x_wconf 88' lang='lat' dir='ltr'>id</span> 
     </span>
     <span class='ocr_line' id='line_1_41' title="bbox 136 3952 1235 4018; baseline 0.002 -16"><span class='ocrx_word' id='word_1_403' title='bbox 136 3958 331 4018; x_wconf 78' lang='lat' dir='ltr'>statueremque</span> <span class='ocrx_word' id='word_1_404' title='bbox 343 3953 406 4002; x_wconf 85' lang='lat' dir='ltr'>nihil</span> <span class='ocrx_word' id='word_1_405' title='bbox 423 3953 483 4013; x_wconf 77' lang='lat' dir='ltr'>hirc,</span> <span class='ocrx_word' id='word_1_406' title='bbox 502 3955 550 4003; x_wconf 83' lang='lat' dir='ltr'>nisi</span> <span class='ocrx_word' id='word_1_407' title='bbox 563 3954 665 4018; x_wconf 86' lang='lat' dir='ltr'>perfec·</span> <span class='ocrx_word' id='word_1_408' title='bbox 706 3963 747 4006; x_wconf 88' lang='lat' dir='ltr'>est</span> <span class='ocrx_word' id='word_1_409' title='bbox 758 3952 911 4016; x_wconf 73' lang='lat' dir='ltr'>magnifieri.</span> <span class='ocrx_word' id='word_1_410' title='bbox 1231 3956 1235 3966; x_wconf 94' lang='grc'><strong>“</strong></span> 
     </span>
     <span class='ocr_line' id='line_1_42' title="bbox 137 4028 1239 4096; baseline 0.012 -21"><span class='ocrx_word' id='word_1_411' title='bbox 137 4036 192 4076; x_wconf 90' lang='lat' dir='ltr'>turn</span> <span class='ocrx_word' id='word_1_412' title='bbox 200 4028 314 4092; x_wconf 78' lang='lat' dir='ltr'>ingenio,</span> <span class='ocrx_word' id='word_1_413' title='bbox 322 4029 483 4080; x_wconf 79' lang='lat' dir='ltr'>elaboratum</span> <span class='ocrx_word' id='word_1_414' title='bbox 492 4030 617 4081; x_wconf 84' lang='lat' dir='ltr'>industria</span> <span class='ocrx_word' id='word_1_415' title='bbox 627 4030 665 4080; x_wconf 87' lang='lat' dir='ltr'>sf-</span> <span class='ocrx_word' id='word_1_416' title='bbox 738 4040 750 4067; x_wconf 63' lang='grc' dir='ltr'><strong>θ</strong></span> <span class='ocrx_word' id='word_1_417' title='bbox 768 4030 923 4084; x_wconf 82' lang='lat' dir='ltr'>Insictissinri</span> <span class='ocrx_word' id='word_1_418' title='bbox 933 4031 1073 4096; x_wconf 83' lang='lat' dir='ltr'>Principes]</span> <span class='ocrx_word' id='word_1_419' title='bbox 1090 4033 1239 4087; x_wconf 77' lang='lat' dir='ltr'>Constanti·</span> 
     </span>
    </p>
   </div>
   <div class='ocr_carea' id='block_1_7' title="bbox 136 4101 1118 4247">
    <p class='ocr_par' dir='ltr' id='par_1_7' title="bbox 136 4101 1118 4247">
     <span class='ocr_line' id='line_1_43' title="bbox 136 4101 1118 4173; baseline 0.007 -21"><span class='ocrx_word' id='word_1_420' title='bbox 136 4101 200 4152; x_wconf 77' lang='lat' dir='ltr'>terri</span> <span class='ocrx_word' id='word_1_421' title='bbox 210 4103 350 4167; x_wconf 85' lang='lat' dir='ltr'>oportere,&#39;</span> <span class='ocrx_word' id='word_1_422' title='bbox 361 4107 411 4155; x_wconf 77' lang='lat' dir='ltr'>&amp;c</span> <span class='ocrx_word' id='word_1_423' title='bbox 659 4111 663 4116; x_wconf 87' lang='lat'>&#39;</span> <span class='ocrx_word' id='word_1_424' title='bbox 707 4125 763 4166; x_wconf 78' lang='lat' dir='ltr'>ntis,</span> <span class='ocrx_word' id='word_1_425' title='bbox 777 4109 900 4173; x_wconf 81' lang='lat' dir='ltr'>Licinius,</span> <span class='ocrx_word' id='word_1_426' title='bbox 911 4113 938 4160; x_wconf 91' lang='lat' dir='ltr'>et</span> <span class='ocrx_word' id='word_1_427' title='bbox 949 4109 1118 4160; x_wconf 82' lang='lat' dir='ltr'>Maximinus.</span> 
     </span>
     <span class='ocr_line' id='line_1_44' title="bbox 170 4175 667 4247; baseline 0.008 -19"><span class='ocrx_word' id='word_1_428' title='bbox 170 4175 182 4212; x_wconf 57' lang='grc' dir='ltr'><strong><em>θ</em></strong></span> <span class='ocrx_word' id='word_1_429' title='bbox 201 4180 339 4230; x_wconf 78' lang='lat' dir='ltr'>Orationem</span> <span class='ocrx_word' id='word_1_430' title='bbox 349 4195 423 4231; x_wconf 81' lang='lat' dir='ltr'>mecm</span> <span class='ocrx_word' id='word_1_431' title='bbox 432 4181 586 4238; x_wconf 66' lang='lat' dir='ltr'>merentem.</span> <span class='ocrx_word' id='word_1_432' title='bbox 598 4196 667 4247; x_wconf 77' lang='lat' dir='ltr'>quem</span> 
     </span>
    </p>
   </div>
   <div class='ocr_carea' id='block_1_8' title="bbox 0 0 1373 4726">
    <p class='ocr_par' dir='ltr' id='par_1_8' title="bbox 0 0 1373 4726">
     <span class='ocr_line' id='line_1_45' title="bbox 0 0 1373 4726; baseline 0 0"><span class='ocrx_word' id='word_1_433' title='bbox 0 0 1373 4726; x_wconf 95' lang='lat' dir='ltr'> </span> 
     </span>
    </p>
   </div>
  </div>
 </body>
</html>
