2730 4726
477 315 759 371 rruuerrrrcue
783 317 835 366 211.
857 303 889 366 7.
1146 300 1236 368 1165

170 466 263 532 Osee
289 480 365 531 ret-1.⁴
393 465 425 530 l.
447 463 532 530 Tale
546 462 644 546 igitur
659 459 850 546 'auspicium
869 461 961 528 illius
985 462 1061 527 anni
1081 460 1165 546 quid
1178 464 1234 531 so·'

126 569 306 654 quebetur,
326 567 392 633 nisi
417 586 541 633 novum
570 564 708 648 aliquod
734 572 770 628 et
794 565 907 647 ingens
931 565 1153 632 miraculumt
1197 570 1233 634 2.-

127 669 231 751 Quod
248 677 359 736 nutem
382 669 492 753 mejns
514 669 647 733 evenire
662 668 776 752 potnit
799 668 857 733 ilia
881 675 940 734 tue
959 669 993 733 in
1017 670 1231 736 Germaniam

127 774 412 856 transgressione?
436 791 505 858 que
520 778 555 838 tu
570 772 698 857 primus
719 775 864 836 omnium
889 771 1133 855 Imperatorum
1155 793 1233 858 pro·

126 878 218 947 besti
230 877 385 945 Romani
406 876 537 959 imperii
560 876 687 940 nullum
702 895 778 949 esse
793 875 980 953 terminum,
1003 877 1069 940 nisi
1084 877 1141 960 qui
1157 882 1234 942 tuo·

127 1000 201 1056 rum
225 985 315 1049 ossei
339 975 535 1045 armorum.h
577 978 610 1044 3.
628 975 737 1061 Atqui
762 977 912 1042 Rhenum
936 984 1033 1059 untes
1055 979 1233 1044 ridebatur

127 1084 204 1167 ipsu
219 1085 270 1149 sic
286 1087 401 1149 natura
415 1081 567 1159 duxisse,
582 1089 620 1145 nt
634 1099 675 1145 eo
690 1081 794 1146 limito
810 1079 973 1145 Romunae
986 1082 1170 1164 provinciae
1188 1083 1239 1148 ob‘

128 1186 335 1258 immunitate
358 1186 523 1253 barbarice
542 1184 801 1251 vindicarentur.
845 1186 877 1248 4.
901 1184 945 1248 Et
968 1181 1063 1268 quisi
1086 1203 1232 1268 unquam

129 1295 206 1359 ente
221 1308 286 1354 vos
308 1287 480 1372 principes
503 1307 569 1351 non
597 1287 781 1370 gratulatus
807 1294 871 1363 est,
897 1287 1032 1353 Gallias
1054 1288 1112 1352 illo
1137 1302 1233 1351 omne

128 1391 274 1459 muniri-l
298 1389 435 1475 quendo
457 1408 523 1455 non
543 1407 620 1454 curn
644 1408 775 1455 summo
798 1404 892 1457 metu
915 1397 1032 1456 nostro
1058 1390 1168 1455 Rheni
1185 1388 1236 1453 ul-

129 1513 229 1559 veum
245 1491 367 1557 minuit
381 1491 437 1554 diu
450 1509 568 1556 sereno
583 1494 790 1574 tempestast
815 1492 952 1576 quando
967 1513 1030 1557 non
1045 1512 1121 1557 cum
1136 1511 1238 1556 secu·-

128 1597 230 1665 ritete
253 1602 370 1661 nostru
395 1593 487 1660 illius
518 1592 647 1660 diluris
673 1594 870 1659 creverunti
913 1597 950 1658 5.-
968 1594 1090 1672 Credo,
1109 1592 1232 1659 vitidem

130 1693 301 1783 opimaml
327 1696 425 1766 illam
445 1696 660 1782 fertilemque
687 1693 843 1781 Syrium*
870 1698 958 1763 velut
984 1697 1146 1780 amplexu
1170 1715 1235 1761 suo

580 1840 771 1887 Memnone

162 1979 234 2029 Che·
245 1989 298 2035 vu.¹
330 1981 344 2026 l
362 1977 456 2042 Vnirrg.
468 1986 529 2029 ente
541 1979 699 2046 heideliurn,
716 1981 757 2045 qni
771 1979 969 2046 sequebaris-n
988 1980 1145 2040 Quaererem
1155 1977 1234 2037 mucis

131 2043 208 2094 codd.
225 2041 520 2095 sollemnemque.
536 2047 697 2112 improbante
712 2046 865 2096 Schwerzio.
901 2046 1003 2095 Puteot.
1024 2044 1106 2092 Rhen.
1126 2043 1240 2106 Navius,

131 2109 164 2158 ri.
175 2114 242 2158 vett.
258 2107 285 2157 in
302 2108 433 2158 Genumiu
439 2124 450 2167 ,⁰
467 2110 533 2160 Erre.
544 2112 691 2161 Schoobor.
703 2112 763 2160 Vet.
774 2112 885 2160 Puteun.
896 2117 924 2159 et
936 2108 995 2159 edd.
1006 2114 1116 2159 recenti.
1133 2107 1158 2157 hr
1171 2105 1235 2156 Ger·

130 2175 244 2223 munium
276 2173 330 2221 Pro
349 2176 548 2238 transgressione,
563 2175 634 2226 Gnd.
654 2181 677 2228 1.
693 2177 863 2240 conversione.
904 2175 999 2224 ‘Bene
1018 2172 1118 2229 Benne,
1138 2172 1240 2223 cellum

131 2246 159 2288 et
177 2237 299 2287 Pstsrol.
317 2247 484 2302 receperunt,
501 2242 542 2304 qni
556 2246 650 2291 luorum
664 2247 724 2292 erret
741 2255 877 2298 annornm
893 2239 937 2289 uhi
950 2241 1120 2301 Puteolanus,
1132 2237 1237 2301 Rhene-

132 2318 191 2365 nns‚
202 2302 313 2362 Navius,
328 2303 483 2367 stephanon,
497 2305 637 2363 Livineius,
653 2306 747 2370 tliiqne
760 2305 906 2366 ediderunt,
923 2304 964 2367 qni
981 2311 1074 2354 tuonnn
1091 2301 1152 2353 ess'et
1168 2303 1236 2352 arbo·

131 2383 184 2418 run
190 2383 201 2427 ,·
218 2367 399 2430 cuspinianus,
408 2368 449 2433 qni
459 2375 554 2419 tuurnm
564 2378 625 2421 erret
634 2373 757 2433 erbonm
769 2372 886 2435 quemvis
899 2370 1038 2420 Rhenanus
1050 2380 1077 2420 et
1088 2369 1236 2430 Stephanus

131 2447 164 2482 ex
176 2432 337 2496 conjecture,
359 2448 406 2498 pro
428 2448 490 2484 voce
509 2435 628 2497 arborum
645 2437 671 2486 in
690 2438 806 2504 margine
819 2436 967 2486 annotarint
979 2435 1149 2493 arithinum
1168 2433 1235 2482 hiri·

131 2498 206 2548 neius
218 2512 252 2547 ex
263 2497 322 2547 Cer.
334 2498 426 2563 Langii
438 2497 542 2548 schedis
552 2500 675 2560 lnbmmr
687 2501 816 2552 Gruterus
828 2517 859 2552 ex
869 2501 1016 2564 suspicione
1026 2501 1146 2548 ardorum.
1181 2498 1239 2547 vo·-

132 2577 190 2625 esur
198 2563 271 2612 illurn
281 2576 403 2613 morerer
414 2563 550 2614 confirmet
563 2565 646 2615 codex
659 2575 747 2617 noster
759 2567 810 2616 Ms·
821 2567 975 2616 confirment
987 2566 1044 2613 libri
1058 2562 1189 2622 Gudiuni3
1208 2567 1238 2611 et

131 2627 241 2698 eusdem
253 2627 311 2691 jem
321 2628 455 2680 Puteanus
466 2630 544 2680 etiarn
556 2629 581 2680 in
594 2632 706 2696 antiquis
715 2631 851 2682 codicibus
865 2637 1016 2694 reperernt3
1034 2638 1111 2694 atque
1123 2629 1161 2677 its
1173 2639 1241 2691 quo*

131 2707 184 2809 que
202 2693 304 2756 legerat
319 2688 449 2758 Sigonius,
465 2701 493 2746 et
511 2696 649 2763 legendnm
666 2698 814 2762 conjecerat
829 2698 923 2748 Frsnc.
936 2694 1062 2748 iuretur!
1080 2694 1236 2744 Scirum.-

163 2757 292 2810 Qooedem
304 2757 365 2807 edu.
377 2764 441 2810 retr.
451 2760 649 2820 umduurmtnrr
664 2763 726 2813 Ver.
745 2761 859 2813 Puteun.
876 2763 941 2812 Ere.
956 2761 1101 2810 Schonhov.
1117 2764 1144 2807 et
1160 2755 1241 2805 codd..

131 2822 1236 2941 tristitiel‘t‘t‘tl‘t‘wt'trtilliti'‘i‘tfit‘l’it‘lt

265 2906 276 2936 .·
398 2905 436 2939 n.
482 2905 616 2941 .numne
652 2907 688 2940 e.
726 2905 812 2940 nean.
851 2906 892 2941 xc.
927 2905 984 2938 sn.
1035 2902 1136 2937 n.ee
1175 2919 1183 2936 .
1225 2910 1236 2925 ·

132 2960 215 3003 cestr.
243 2953 277 3004 G.
288 2953 424 3005 illiorum
436 2955 501 3004 Ere.
513 2955 661 3005 Schonhon
676 2961 703 3004 et
716 2956 824 3019 cuspin.
842 2956 935 3004 munire
952 2905 1056 3003 liquor.
1073 2958 1101 3001 et
1119 2952 1237 3002 Rhenus.

134 3019 236 3075 Quando
247 3032 299 3067 eum
309 3019 361 3068 sine
372 3021 498 3069 metuenti
517 3033 557 3068 ne
569 3022 629 3070 edd.
646 3023 739 3084 qnonrh
749 3034 795 3070 non
806 3036 859 3070 cnm
869 3034 958 3070 summo
968 3024 1032 3068 metu
1047 3019 1108 3067 Vet.
1124 3017 1246 3066 l'utertnae

132 3084 196 3134 Ver.
209 3083 312 3141 Berlin.
324 3085 389 3136 Ere.
400 3086 482 3148 hang.
495 3035 601 3149 gripta.
612 3087 677 3136 Erre.
687 3087 831 3137 Schonlror.
846 3086 890 3136 eiii
907 3084 982 3137 codd.
994 3083 1056 3134 nro.
1068 3083 1240 3136 Parisiensen

132 3147 231 3211 Deiph.
245 3155 272 3196 et
284 3152 404 3212 'recentt
420 3148 545 3213 probante
563 3151 713 3203 Arntzen'ro.
747 3151 849 3202 Acidel.
866 3165 914 3215 pro
930 3151 982 3201 sins
999 3148 1067 3210 conj.
1081 3149 1147 3206 nisi,-
1162 3147 1238 3198 ruslit

132 3221 230 3273 temen,
245 3213 338 3277 wando
357 3219 412 3263 non'
428 3229 481 3264 cnm
500 3220 564 3265 nretn
580 3221 670 3266 nostro.
704 3216 791 3268 Ririn.
813 3217 920 3266 retinnit
937 3231 997 3265 enm.
1030 3215 1095 3262 Erro.
1113 3214 1188 3261 Voss.
1208 3219 1241 3262 et·

132 3278 248 3341 Gnelph.
259 3282 339 3327 nostro
350 3278 462 3343 muniuit,
471 3280 571 3330 omissis
583 3296 639 3332 roc.
659 3281 737 3330 Rheni
747 3283 895 3330 olorone-b
906 3281 992 3339 Credo,
1000 3279 1127 3328 identidem
1135 3276 1244 3334 Bertin.,

132 3347 246 3409 optimum
259 3343 326 3393 illurn
343 3343 369 3394 irr
387 3346 474 3410 rnlgg.
486 3345 570 3396 Lirin.
603 3344 706 3396 Acidel.
719 3346 802 3396 Beuu·
813 3355 840 3398 et
852 3345 948 3410 Joeger.
960 3344 1027 3409 conj.
1044 3343 1144 3408 opimum
1154 3342 1241 3400 iuueni

630 3491 744 3543 NOTAE

133 3588 257 3652 mutibus,
267 3595 295 3639 et
309 3586 421 3639 incensis
431 3586 525 3645 cereis,
542 3584 692 3638 asturiis..
738 3589 745 3624 ¹
762 3590 797 3638 Et
806 3587 872 3654 quis]
887 3587 968 3638 Forte
978 3587 1072 3650 sequier
1090 3585 1244 3647 nturlorsm
1307 3635 1317 3652 ι

133 3668 196 3721 Qus
217 3665 395 3730 qrstnlstiouis
415 3665 513 3728 specie,
535 3663 667 3715 interdurn
707 3665 830 3730 marginis
849 3669 923 3714 notut
945 3662 1077 3714 Livineius
1100 3676 1133 3711 ex
1155 3660 1246 3725 reteri,

133 3749 262 3808 exceptos
280 3743 453 3807 imperotores
469 3739 560 3804 fuisse,
575 3734 668 3791 notent
707 3742 805 3794 codice.

133 3819 239 3883 Lipsius
249 3824 278 3869 et
288 3816 464 3868 Cusunhonns.
721 3814 722 3817 ’
737 3818 746 3864 l
766 3819 876 3884 Opimam
885 3817 1023 3884 [optinum]
1040 3817 1119 3867 Forte
1128 3813 1245 3879 opimum,

166 3895 179 3931 h
198 3897 300 3948 litorum
310 3895 440 3959 armornm]
459 3894 589 3947 Gruterus
599 3895 668 3945 urrio-
708 3904 738 3947 ut
749 3896 896 3959 suspicatur
909 3895 1046 3946 Livineius.

134 3981 198 4037 nm,
225 3975 339 4040 Largius
366 3975 473 4025 luburrnn
504 3975 577 4039 legit.
611 3974 667 4037 Ego
740 3970 877 4037 kSyrium]
898 3970 935 4020 Ut
956 3969 1070 4020 Gallicus
1094 3962 1245 4031 provincius.

135 4051 253 4102 Denielir
265 4051 471 4103 emendationem
483 4059 589 4101 secutus
601 4065 668 4112 snnr,
709 4048 814 4098 Rhenus
825 4063 840 4106 u
852 4049 1039 4098 Grrnrsnorunr
1051 4042 1240 4093 incursionibus

135 4118 195 4180 cum
207 4128 233 4177 in
246 4128 395 4192 vulgaribus
411 4126 570 4180 editionibus
587 4133 667 4191 esset,
709 4115 876 4180 defendebat,
905 4124 942 4172 sic
959 4121 1067 4185 ,Syriam
1096 4119 1238 4170 Romanurn

136 4205 361 4256 trornmarbornrn.
667 4204 670 4209 ”
709 4217 811 4268 qnoque
830 4199 997 4266 'provinciam
1025 4204 1116 4249 contre
1143 4197 1238 4247 Perses
