2730 4726
143 315 231 383 1250
528 329 692 378 seusun
718 328 861 378 osnrro

144 495 220 542 cum
235 475 336 540 leudo
351 494 458 539 sncrae
473 474 661 557 largitionis
677 473 749 538 lieri
766 475 889 558 possit,
903 475 1088 540 ostendam.
1130 476 1167 542 2.
1190 479 1251 546 Sn-

141 575 279 644 tarium*
303 598 358 642 me
382 578 607 643 liberalissimi
633 576 824 661 Principes,
853 597 899 642 ex
924 577 1026 664 hujus
1050 580 1253 663 reipublice.

143 679 291 760 viribus,j
304 682 338 746 in
348 682 504 745 sexcenis
516 681 668 745 millibus
680 698 850 747 nummum
862 677 875 716 l
887 682 1050 766 occipere
1057 681 1251 766 jusserunt:

141 803 208 849 non
224 785 382 869 quonism
397 803 464 849 non
484 783 634 868 emplius
648 784 792 848 tribuere
807 784 993 849 commodis
1007 787 1094 850 meis
1111 787 1251 865 vellent,

140 887 288 971 inquom
302 886 410 951 multo
423 885 553 970 majora
567 891 604 950 et
621 884 714 968 prius
740 891 776 950 et
797 891 921 970 posteo
939 889 1082 971 praemio
1096 891 1251 955 contule·

599 1067 778 1089 ‘eunoun‘
789 1085 793 1089 .

140 1184 225 1236 Lirin.
233 1194 260 1235 st
271 1183 312 1235 ed.
325 1183 444 1235 ledoiu.
461 1183 597 1247 reipulliee
607 1184 713 1247 juribus.
739 1184 748 1212 ⁴
760 1185 790 1235 Ie
800 1183 910 1236 tmesis
921 1184 1028 1235 suillibus
1038 1187 1173 1252 murt]
1184 1187 1251 1239 Soli-

140 1251 205 1299 citst
217 1249 327 1300 Cssanb.
342 1250 373 1298 ad
386 1250 493 1299 Sueton·
505 1249 603 1300 Othon.
622 1264 645 1302 c.
656 1255 681 1300 4.
698 1251 767 1300 hune
785 1251 880 1308 locuto,
891 1255 919 1299 et
931 1264 977 1314 pro
988 1251 1098 1300 sexcenis
1108 1261 1136 1301 et
1147 1253 1253 1303 terreris

139 1315 165 1364 in
176 1315 225 1365 irre
237 1315 356 1364 oratione
367 1329 470 1378 semper
479 1316 607 1376 sesegerris
617 1323 645 1365 et
654 1316 753 1365 tricesis
763 1314 929 1365 scribendum
940 1328 997 1364 esre
1009 1323 1094 1379 putet.
1121 1317 1176 1366 Sed
1188 1319 1250 1382 jere

139 1380 342 1444 reprehenditur
353 1396 367 1427 s
378 1378 478 1429 Theod.
489 1380 611 1430 Mureilio
623 1380 655 1429 sd
666 1381 776 1432 Sueten.
787 1381 899 1443 Vespss.
910 1396 934 1430 c.
947 1384 988 1430 18.
1021 1380 1113 1444 Lipsio
1125 1382 1159 1430 de
1171 1384 1250 1448 nteg-

57 1482 61 1490 .
139 1447 222 1495 nitod.
236 1445 309 1494 Rom.
325 1459 363 1493 ιν.
375 1448 415 1493 lu.
449 1444 583 1494 Gronorio
594 1444 626 1494 de
638 1445 749 1496 Sestert.
768 1460 794 1508 p.
810 1447 868 1494 ³30.
898 1444 1251 1508 tivtueio,ssmutu,eettr'·

139 1511 187 1567 rto,
200 1511 321 1560 Pntsrolo
336 1509 368 1557 nd
379 1509 404 1557 tr.
417 1507 443 1556 t:
457 1510 553 1571 Joeger.
589 1509 656 1559 Edd.
667 1525 766 1564 omnes.
779 1523 869 1561 omnes
882 1510 945 1559 item
956 1508 1035 1560 codd.
1048 1518 1157 1561 tuentur
1166 1526 1250 1564 sexce-

138 1576 185 1624 rtis.
217 1576 290 1624 ‘Pro
301 1576 384 1633 multo,
395 1573 569 1636 Cuspinlsnus
585 1575 666 1626 hebet
685 1577 776 1633 meunt
793 1589 846 1624 non
862 1576 938 1625 mule.
972 1574 1027 1625 Pro
1045 1578 1148 1640 peieret
1164 1583 1250 1640 poclm

138 1639 222 1689 ereu.
234 1647 262 1689 et
273 1640 400 1701 Stephon.
411 1647 535 1699 corrupte
551 1639 619 1702 prius
637 1643 700 1704 prod
713 1646 815 1704 purten
831 1639 899 1688 uude
911 1639 1045 1689 Acidalirrs
1063 1643 1169 1690 roculss
1187 1642 1250 1706 quel

134 1710 217 1768 portes
228 1705 325 1754 eliense
339 1703 454 1767 judicet.
489 1702 552 1766 Sed,
569 1706 591 1752 si
612 1719 659 1768 pro
678 1708 741 1768 erud
759 1706 873 1766 letemus
891 1711 924 1766 et.
945 1705 982 1756 uti
1001 1705 1079 1755 estin
1092 1706 1146 1756 dds.
1157 1707 1249 1764 Meri,-

139 1770 199 1819 Vet.
211 1769 334 1830 Puteuni,
345 1768 406 1820 edd.
421 1770 530 1834 cuspin.
551 1769 635 1821 Lirin.
654 1771 738 1820 Bsun.
756 1770 821 1819 cett.
842 1771 930 1822 Peter.
948 1784 1037 1818 sensus
1055 1771 1119 1820 setis
1135 1779 1248 1822 constet.

137 1835 192 1885 Pro
207 1836 315 1899 proruis,
327 1834 397 1884 Gud.
413 1833 529 1885 Μ’
544 1834 643 1900 leger.
677 1833 762 1886 codd.
774 1833 844 1886 our.
858 1835 945 1886 Mterl.
961 1836 1063 1885 Bertin.
1074 1835 1192 1887 Putesn.
1203 1835 1248 1887 irs&

634 1980 741 2032 NOTAE

136 2078 212 2128 ruodo
223 2079 278 2129 sine
290 2085 377 2129 sutntn
389 2077 493 2143 publico
502 2076 596 2128 sebolae
609 2077 667 2128 rell·
709 2078 798 2134 tertis,
811 2085 861 2128 no'n
874 2077 1008 2139 differunt,
1016 2076 1155 2129 sestertios
1167 2078 1247 2136 eninr,

136 2154 160 2203 ci
173 2160 252 2217 etque
265 2154 403 2204 iustuursri
416 2156 526 2218 possint.
558 2155 667 2204 Sublute
709 2160 737 2204 et
746 2168 864 2204 numurus
877 2154 944 2204 idem
957 2153 1007 2204 luit
1017 2154 1087 2218 opud
1096 2155 1247 2217 Romanoa

136 2240 222 2280 auteur
235 2233 327 2281 rocula
342 2232 476 2281 emendari
492 2234 578 2282 locunt
590 2234 668 2294 hunc,
709 2239 736 2279 et
748 2229 780 2278 ad
792 2238 934 2279 nostratem
950 2236 1078 2280 monetam
1096 2231 1119 2280 ri
1138 2244 1246 2282 reuoce-

135 2307 230 2356 mnltcs
248 2321 279 2355 ee
295 2307 321 2356 iu
338 2320 365 2355 re
384 2316 489 2357 secutus
500 2308 668 2372 interpretes,
709 2311 763 2368 tur,
774 2309 813 2354 1⁰.
824 2304 1069 2356 denarioseonfieit.
1089 2307 1246 2357 Sestertium

136 2383 326 2447 quibusitidem
335 2384 431 2433 etmihi
440 2385 493 2433 visu
502 2394 541 2434 est
552 2400 602 2434 uus
613 2386 666 2434 dic·
709 2395 771 2431 vero
783 2381 808 2430 in
821 2389 925 2444 neutro,
937 2381 1004 2429 mille
1022 2381 1153 2431 sestertiis
1172 2396 1246 2432 oum·

136 2459 173 2509 tio
190 2459 338 2509 abnudsre:
361 2460 400 2510 sic
418 2469 474 2510 eret
496 2462 522 2511 in
545 2462 609 2518 eliis,
637 2462 667 2511 ln
708 2459 756 2507 ruis
768 2459 883 2522 rstebut,
894 2458 1006 2522 ideoque
1020 2466 1130 2507 monete
1148 2467 1246 2510 uostrae

133 2537 259 2586 seeundum
270 2538 413 2598 eundemque
424 2536 498 2586 locum
509 2538 601 2588 distuli.
706 2538 748 2584 rt.
758 2533 831 2585 libris
844 2533 985 2591 Franciois,
999 2540 1027 2582 et
1040 2538 1078 2583 ld.
1095 2533 1187 2583 solidis
1204 2549 1247 2584 re·

168 2613 175 2647 ¹
190 2613 324 2677 Solarium]
334 2613 443 2677 Proprie
452 2612 612 2665 tribunorum
620 2614 665 2664 mi·
707 2612 862 2675 spondebat.
885 2611 971 2674 Igitur
981 2608 1118 2660 subductis
1128 2610 1247 2676 calculis,

133 2689 248 2739 titurium
260 2698 288 2739 et
299 2689 393 2740 dueum
406 2705 515 2747 sununs,
529 2691 574 2740 sed
589 2697 617 2740 et
632 2690 665 2740 de
705 2695 831 2738 sexcenta
843 2667 1067 2738 sestertin³262dtn
1079 2683 1154 2735 libris
1163 2686 1244 2751 Frunq

131 2766 261 2828 stipendio
284 2773 431 2816 ceterorum
452 2767 571 2829 militurn,
588 2772 665 2830 utque
706 2763 770 2813 eicis
790 2762 922 2814 rsleirunt.
955 2762 1032 2816 Quod
1060 2762 1183 2813 sslsrlurn
1206 2763 1244 2814 its

133 2842 199 2891 eden
211 2842 342 2907 dequrvis
354 2842 473 2892 mercede
486 2842 593 2892 dictum.
622 2843 666 2892 lte
706 2840 819 2903 emplum
832 2839 961 2888 nonnullis
973 2838 1055 2887 risum
1066 2843 1119 2902 est,
1132 2837 1244 2890 ntAlei·

134 2934 195 2969 uero
213 2921 382 2984 appellatum,
394 2920 478 2983 inquit
495 2919 564 2969 Ptin.
581 2932 665 2970 xxxr.
706 2924 764 2964 utus
774 2915 800 2964 in
814 2916 930 2979 perergis
943 2914 994 2965 suis
1005 2915 1113 2978 arripere
1124 2915 1152 2965 is
1162 2927 1243 2968 seses-

132 2999 157 3044 7.
174 2996 258 3058 ‘quod
277 2997 313 3044 its
328 2995 502 3045 necessarium
521 2997 565 3056 sit,
577 3003 605 3045 ut
620 2996 664 3045 lro·
704 2991 745 3040 sris
760 2991 832 3043 diest
843 3006 899 3042 esse
910 2991 1030 3056 accipere
1047 3006 1161 3042 sonuum
1175 2993 1242 3044 redi·

132 3071 193 3120 mini
206 3069 263 3132 sul,’
280 3071 321 3120 rel
332 3069 401 3134 quod
412 3070 507 3120 soloris
519 3071 664 3135 percipien-
705 3074 770 3131 tum,
780 3067 823 3133 qui
835 3067 929 3118 confici
941 3075 1028 3132 porset
1043 3081 1077 3118 ex
1089 3081 1120 3117 er
1131 3082 1242 3136 summe,

131 3153 170 3196 ter
186 3145 247 3196 inde
257 3161 285 3196 se
297 3147 406 3197 olerent.
704 3145 727 3194 si
744 3143 836 3197 foeuori
848 3144 973 3205 deretur3
990 3149 1018 3192 et
1028 3140 1201 3195 Cessubonns
1214 3147 1241 3196 in

161 3219 170 3265 l
190 3223 229 3270 Ex
243 3221 311 3283 trtius
327 3222 386 3285 reip.
405 3220 508 3285 uiribus]
527 3221 586 3272 Non
596 3221 663 3283 juri·
704 3220 822 3270 Suetonii
835 3220 941 3270 Othone
953 3233 1011 3280 esp.
1021 3221 1046 3268 4.
1063 3231 1112 3281 pro
1122 3221 1242 3271 sescentis

131 3297 422 3362 brer,utuliquilegunt;
434 3297 662 3361 estetenimlmp.
703 3296 774 3360 leget
790 3296 928 3360 usurum,
950 3295 976 3345 id
996 3301 1047 3355 est,
1067 3299 1144 3348 2645.
1167 3298 1240 3348 libris

131 3372 288 3438 Constantii,
308 3374 351 3439 qni
374 3387 454 3438 nepos
479 3372 555 3438 huJ‘us
583 3373 662 3423 nostrl
704 3372 846 3423 anoicir.
886 3371 924 3423 At
941 3370 1107 3423 meminerint
1128 3371 1169 3423 illi
1189 3374 1240 3425 En·

131 3449 278 3499 Constantii
301 3448 362 3511 init,
382 3448 442 3500 cod.
463 3451 495 3499 de
520 3449 661 3501 Praebend.
702 3449 816 3499 menium
837 3446 905 3498 houd
930 3449 1062 3512 vulgarem
1085 3449 1239 3513 magistrum

128 3525 212 3576 Siler.
229 3527 273 3576 lib.
287 3541 304 3576 r.
322 3527 411 3577 ‘Nulli
428 3526 548 3577 solarium
566 3527 662 3576 tribue·
702 3524 789 3587 luisse,
800 3525 846 3574 sed
858 3531 971 3574 sumtum
984 3531 1013 3574 ut
1025 3523 1081 3586 ipse
1094 3522 1131 3573 sit
1142 3538 1176 3574 ex
1193 3539 1240 3590 ps.

131 3610 217 3652 turex
230 3599 326 3652 viribus
344 3603 408 3665 reip.
425 3602 473 3652 uisi
490 3602 534 3666 qui
546 3601 662 3665 jubenti·
702 3603 773 3660 letio,
793 3601 837 3652 nbi
859 3600 984 3666 magister
1001 3613 1084 3650 secrae
1106 3601 1237 3652 memoris

129 3678 178 3728 bns
191 3678 263 3730 nobis
277 3679 425 3743 specialiter
441 3678 520 3730 fuerit
537 3693 661 3729 consecu-
702 3677 808 3729 fuisset:
826 3693 874 3743 pro
886 3693 937 3743 quo
955 3675 1041 3744 officio
1058 3675 1147 3726 medis
1161 3676 1237 3741 nujus

130 3753 187 3804 tos.'
221 3755 326 3805 Etvero
337 3768 396 3803 mox
409 3768 514 3818 espar.
526 3753 660 3804 subderem
701 3768 808 3805 suntme
830 3768 890 3819 pars
913 3753 964 3818 ipsi
992 3751 1162 3816 penderetur.
1194 3752 1237 3803 An

127 3831 262 3882 literarum
274 3830 437 3880 Constantii:
457 3837 464 3859 ⁸
475 3830 594 3895 Denique
612 3831 661 3881 eti·
701 3846 762 3882 vero
773 3832 893 3895 cuiquem
905 3828 1045 3879 verisimile
1056 3820 1235 3890 denuntient

128 3923 168 3958 am
181 3908 302 3959 salarium
318 3915 345 3978 te
362 3908 387 3956 in
405 3908 536 3958 sexcentis
547 3907 659 3958 millibus
701 3908 726 3958 in
738 3923 771 3958 ee
781 3906 911 3971 dignitate
929 3904 1111 3966 constitutum,
1126 3905 1235 3968 trigints

129 3999 260 4035 nummum
273 3986 338 4048 reip.
348 3983 445 4034 uiribus
455 3984 579 4048 consequi
587 3984 659 4034 rotn·
701 3990 801 4034 tuntum
813 3982 933 4033 sestertia
947 3995 995 4049 pro
1012 3978 1108 4029 relatio
1120 3981 1236 4046 seeepls·

128 4058 204 4110 mus.'
700 4061 745 4110 sel
776 4058 858 4116 Quid,
869 4058 936 4124 quod
949 4055 1079 4106 editiones
1091 4069 1182 4108 omnes
1192 4054 1234 4135 lte:

161 4133 173 4168 '¹
188 4135 302 4186 &sceris
312 4135 416 4186 mittitur
424 4133 553 4199 nummum]
564 4135 659 4187 sexes·
698 4137 763 4190 luent
772 4136 879 4188 seueris
891 4149 939 4200 pro
949 4132 1094 4196 seruum

125 4224 160 4261 ns
175 4211 260 4262 millia
276 4226 457 4278 numerumn
470 4216 659 4264 sexcentsses·
1167 4209 1170 4215 ’
