2730 4726
125 327 211 393 1270
293 345 296 351 ’
631 345 720 393 vrrs

126 489 241 567 urbes3
263 486 413 569 inprimis
437 486 479 550 ad
504 487 705 552 AEdueusem
730 491 854 570 urbem,
871 493 1109 576 Bagaudarum
1132 517 1239 580 gras-1·

127 589 313 654 sationibus
338 588 506 667 afflictam,
527 590 754 656 reficiendam.
800 591 1022 660 Constantius
1039 598 1230 667 Francicus

126 698 158 758 et
170 692 391 756 Germanicus
402 693 602 776 appellatur,
616 701 652 758 ut
662 694 820 759 observat
833 695 1029 780 Onuphrius
1043 700 1235 768 Panvinius

128 795 351 860 Fast.lib.11.
379 796 517 859 Dictum
542 798 643 861 etiarn
668 817 748 862 esse
773 798 971 865 Herculium
989 822 1009 866 a
1025 803 1232 873 Maximiani

129 898 237 965 soceri
253 898 306 962 sui
319 899 462 973 nomine,
477 903 573 963 notat
586 899 765 965 Tristanus
780 920 826 965 ex
842 904 943 967 veteri
958 924 1107 970 nummo.

172 1101 215 1166 A.
232 1099 275 1165 U.
289 1100 328 1166 C.
346 1116 499 1163 uxevu.
529 1096 653 1165 Christi
672 1097 1003 1164 coxorvsDioclet.
1021 1096 1108 1181 Imp.
1126 1113 1187 1162 xr.

388 1200 532 1267 Maxim.
550 1218 588 1266 x.
605 1202 720 1268 Const.
737 1204 843 1266 AEtat.
861 1217 969 1264 xurV.

175 1321 253 1386 Hoc
277 1340 363 1384 anno
390 1319 609 1385 Constantius
630 1321 668 1385 iit
693 1322 821 1398 consul,
849 1319 988 1386 Galerio
1014 1319 1233 1387 Maximiano

132 1424 345 1489 Armentario
362 1421 502 1504 collega.

161 1599 203 1663 A.
218 1599 262 1663 U.
278 1599 318 1664 C.
341 1615 484 1667 uxmx.
511 1601 637 1667 Christi
654 1619 806 1668 ccxovr.
836 1604 980 1670 Dioclet.
997 1603 1087 1684 Imp.
1105 1619 1197 1667 xrrr.
1234 1575 1237 1580 ’

372 1705 516 1769 Maxim.
536 1722 609 1770 xu.
626 1705 743 1771 Const.
758 1706 865 1771 AEtat.
882 1722 989 1770 xcvi.
1092 1750 1095 1754 -

176 1821 372 1888 Britannico
399 1823 488 1887 hello
513 1823 679 1901 consecto,
709 1842 749 1887 ae
778 1824 960 1889 Britanniis
983 1823 1109 1889 Allecti
1136 1844 1234 1902 nece,
1266 1892 1269 1901 ,

14 1959 18 1968 ·
132 1925 321 2009 Galliisque
337 1927 371 1989 in
386 1925 545 1990 diuturna
567 1946 663 2009 pace,
687 1932 725 1990 ut
747 1918 880 2009 quidem
899 1927 1088 2004 videbatur,
1104 1927 1237 1992 consti·

132 2029 228 2110 tutis3
254 2027 387 2106 Franci,
403 2029 547 2093 nondum
564 2035 616 2093 tot
636 2029 786 2111 acceptis
810 2028 963 2094 cladibus
983 2030 1095 2108 fracti,
1115 2031 1237 2095 iterum

133 2132 266 2210 Rheno,
283 2133 342 2215 qui
358 2140 428 2195 tum
443 2132 551 2214 glacie
566 2132 765 2196 constrictus
782 2135 864 2209 erat,
885 2131 1036 2215 trejecto,
1053 2132 1240 2197 Bataviam

133 2235 278 2300 insulam
295 2239 474 2317 occupant.
520 2233 642 2316 Itaque
657 2234 719 2297 hos
742 2233 958 2299 Constantius
984 2235 1048 2299 hoc
1076 2254 1163 2298 anno
1187 2254 1240 2298 se-

135 2337 281 2402 cundum
299 2336 420 2400 consul
447 2343 580 2419 repente
604 2335 742 2399 adortus
766 2335 809 2399 ad
833 2336 1037 2402 deditionem
1064 2338 1243 2421 compulit.

131 2439 277 2503 -lnterim
293 2437 449 2503 Alamani
465 2440 496 2502 in
521 2437 679 2516 Raetiam,
706 2438 910 2516 Helvetiam,
926 2438 1118 2515 Rauracos,
1138 2440 1242 2504 Nori·

80 2612 82 2625 ,
136 2561 223 2620 cum,
240 2541 449 2619 Vindelicos,
463 2541 655 2624 Sequanos
681 2561 757 2606 cum
782 2544 917 2622 regibus
940 2543 1012 2606 suis
1029 2539 1193 2608 Ascarico
1207 2551 1251 2609 et·

107 2682 112 2689 ·
138 2644 300 2728 Regaiso,
317 2644 537 2709 incursionem
551 2645 730 2723 facientes,
744 2644 786 2708 ad
811 2645 982 2726 Lingonas
1005 2666 1114 2729 usqne
1137 2667 1242 2732 penc-

137 2754 235 2812 trant.
278 2745 403 2811 Actum
428 2753 500 2811 erat
526 2747 567 2810 de
591 2754 664 2811 tota
688 2747 815 2825 Gallia,
842 2747 909 2811 nisi
933 2747 1153 2813 Constantius
1178 2750 1242 2815 hoc

138 2851 254 2915 nuntio
278 2850 450 2914 excitatus
475 2869 550 2914 cum
576 2857 671 2933 parte
692 2849 862 2913 exercitus
887 2850 1102 2913 accurrisset.
1150 2849 1197 2915 Ar
1212 2852 1243 2916 is

139 2953 194 3017 die
209 2972 287 3030 una,
301 2954 408 3036 inquit
424 2950 622 3037 Eutropius,
637 2952 811 3017 adversam
828 2956 862 3016 et
878 2952 1058 3036 secundam
1072 2951 1243 3018 fortunam

139 3062 299 3139 expertus
331 3062 392 3121 est.
437 3057 529 3121 Nam
557 3076 630 3120 cum
652 3063 791 3139 repente
821 3055 975 3120 barbaris
1003 3056 1244 3138 ingruentibus,

140 3160 227 3223 intra
243 3159 413 3225 civitatem
429 3159 682 3224 Vindonensem
706 3168 765 3223 aut
780 3159 1023 3240 Lingonensem
1038 3158 1190 3245 recipere
1205 3179 1244 3224 se

141 3261 256 3339 vellet,
280 3263 399 3327 sedulo
426 3262 553 3327 clausis
576 3282 617 3325 ne
632 3262 748 3327 hostes
763 3263 982 3344 irrumperent
1006 3261 1100 3325 urbis
1123 3263 1247 3345 portis,

142 3365 300 3430 demissis
325 3365 463 3429 funibus
486 3366 665 3436 inmotum
691 3365 798 3428 efferri
824 3364 1110 3430 necessehahuit.
1156 3365 1245 3429 Con-

143 3468 284 3533 stantius
299 3470 347 3533 rei
364 3469 567 3546 discrimine,
585 3488 625 3533 ac
643 3468 777 3533 vulnere
798 3477 939 3550 accepto
956 3467 1038 3532 nihil
1053 3467 1247 3544 deterritus,

80 3640 82 3645 A
142 3579 219 3657 post
235 3573 497 3656 qoinquehoras
518 3572 742 3652 redintegrata
760 3591 885 3654 pugna,
909 3570 1154 3636 Alamanorum
1171 3572 1249 3655 post

144 3677 318 3741 victoriam
335 3695 432 3739 suam
456 3676 540 3739 nihil
562 3673 628 3739 tale
650 3676 870 3739 metuentium
888 3674 943 3737 60.
956 3675 1024 3738 fere
1039 3674 1143 3738 millia
1160 3674 1249 3738 ceci⁴

90 3763 92 3768 ³
145 3780 203 3845 dit.
248 3778 334 3844 Tum
352 3779 505 3858 castella,
520 3762 597 3862 quae
609 3778 650 3842 ad
664 3777 823 3865 praesidia
837 3777 1005 3859 disposita
1015 3789 1108 3840 erant
1122 3775 1249 3854 Rheni,

147 3884 240 3962 Istri,
257 3890 292 3948 et
308 3882 502 3966 Euphratis,
519 3883 676 3956 restituit,
694 3882 770 3946 aliis
790 3881 891 3949 etiam
915 3879 1066 3963 adjectis.
1112 3879 1249 3962 Spiram

147 3989 271 4066 condit,
302 3987 356 4051 cni
386 3986 460 4049 urbi
489 4006 607 4050 nomen
639 3987 681 4048 ab
712 3982 926 4065 imperatoria
955 3982 1090 4045 cohorte
1121 3980 1250 4045 datum·

146 4090 299 4154 Tandem
321 4085 498 4155 Claudiam
526 4088 716 4153 Constantii
745 4089 882 4149 matrem
907 4082 1251 4168 magnificentissimis

148 4194 301 4275 exequiis
318 4196 448 4277 sepelit.
