2730 4726
181 293 270 360 1132
566 307 600 358 o.
623 309 657 358 e.
680 307 900 360 scuwnnzu

182 455 314 538 figitur:
338 451 487 540 Mmdem
500 453 922 520 Mamertini'Genetdliccur
932 451 1124 520 Maximiani
1134 452 1286 543 Augusti.

181 557 205 622 J
207 577 262 622 am
277 565 354 622 aute
368 557 457 621 huuc
473 556 730 623 Genethliacum
745 559 858 622 nullus
879 559 965 623 alius
980 559 1135 642 proxime
1150 566 1288 626 autece-

181 660 231 724 dit
246 658 488 744 Panegyricus,
503 679 602 744 quam
616 659 672 724 hic
689 661 774 742 ipse,
790 661 847 744 qui
862 661 960 727 nobis
983 680 1070 725 nuuc
1090 663 1154 726 sub
1179 665 1288 727 mani·

181 763 248 825 bus
271 768 333 826 est.
378 762 459 827 Huc
484 769 649 845 praeterea
676 762 808 827 accedit
831 782 899 827 nou
920 764 1063 827 obscura
1085 764 1120 827 iu
1141 773 1286 848 utroque

182 865 394 948 Panegyrico
409 864 491 947 styli
506 861 659 941 affinitas,
673 885 750 947 quse
766 865 907 930 eundem
923 865 1099 950 utriusque
1115 875 1288 932 auctorem

181 966 318 1031 iudicat.
364 966 455 1031 Num
470 984 550 1030 vero
564 973 597 1032 et
610 967 642 1031 is
658 967 891 1045 Mamertinus,
914 968 972 1050 qui
987 967 1204 1033 Maximiano
1223 969 1287 1034 hos

183 1068 268 1134 duos
291 1068 381 1133 dixit
403 1068 643 1153 Panegyricos,
665 1076 701 1135 et
722 1069 764 1147 is,
785 1069 843 1153 qui
864 1068 887 1134 J
891 1069 1002 1133 uliano
1025 1070 1221 1153 imperatori
1244 1071 1287 1135 de

183 1171 361 1237 consulatu
377 1171 442 1236 sibi
458 1170 574 1235 delato
588 1170 713 1252 gratias
729 1170 808 1253 egit,
823 1189 911 1234 unus
926 1169 1079 1254 idemque
1093 1170 1194 1239 suerit
1208 1193 1289 1239 auc·

182 1283 246 1356 tor,
262 1278 330 1342 alio
344 1281 494 1360 tempore
509 1274 744 1359 disquiremus,
937 1264 941 1270 ’

705 1506 770 1576 IV.

226 1682 305 1747 Jaru
328 1681 420 1766 quod
444 1681 487 1746 ad
510 1681 704 1765 primarium
723 1679 822 1766 hujus
838 1680 1038 1766 Panegyrici
1054 1688 1286 1764 argumentum

183 1785 311 1862 attinet,
334 1783 424 1868 quod
446 1783 580 1847 uberius
602 1784 743 1866 exponit
763 1783 981 1867 illustratque
1001 1783 1152 1849 Jacobus
1177 1782 1232 1847 De
1252 1785 1288 1848 la

185 1889 330 1966 Baune3
367 1885 423 1950 hic
454 1886 532 1968 ipse
560 1884 794 1967 Panegyricus
825 1886 1036 1969 potissimum
1071 1885 1287 1951 Maximiano

184 1989 362 2066 Herculio,
377 1987 540 2070 Augusto,
557 1998 614 2050 xl.
632 1985 714 2050 Kal.
730 1985 827 2064 Maii,
840 1987 872 2052 h.
889 2007 919 2051 e.
933 2003 1020 2051 xxl.
1035 1985 1177 2077 Aprilis,
1190 1993 1288 2053 nata·

182 2093 248 2157 lem
266 2093 357 2157 urbis
370 2091 490 2154 Romae
503 2088 699 2166 celebranti,
712 2093 744 2152 et
759 2095 836 2153 tuuc
848 2089 935 2154 forte
945 2089 1113 2165 TreveriS,
1126 2089 1287 2171 primario

184 2192 310 2259 Galliae
333 2194 482 2274 Belgicae
505 2191 645 2274 oppido,
670 2191 794 2272 agenti,
818 2190 930 2256 dictus
953 2199 1014 2268 est,
1038 2192 1085 2255 ita
1106 2197 1231 2270 tamen,
1252 2196 1289 2257 ut

182 2296 300 2361 laudes
323 2313 460 2378 quoque
484 2292 691 2356 Diocletiani
713 2293 871 2371 absentis,
893 2294 952 2378 qui
974 2313 1051 2360 cum
1075 2293 1288 2359 Maximiano

183 2398 371 2481 imperavit,
385 2396 483 2458 simul
498 2394 751 2476 complectatur.
786 2394 828 2458 Iu
845 2395 1007 2473 Exordio,
1022 2396 1137 2479 capite
1151 2396 1289 2480 quidem

187 2515 212 2562 1.
227 2510 261 2564 et
277 2516 318 2564 11.
333 2499 495 2561 rationem
516 2496 610 2559 affert
631 2494 764 2573 Orator,
781 2515 840 2560 cur
855 2498 1037 2581 imperator
1051 2501 1201 2562 maxime
1215 2499 1289 2564 lau-

186 2600 320 2666 dandus
343 2598 388 2663 sit
409 2598 464 2662 die
488 2597 591 2662 natali
608 2597 701 2662 urbis
717 2596 851 2676 Romae,
867 2601 976 2682 cujus,
993 2601 1022 2664 si
1039 2620 1106 2664 uon
1122 2601 1289 2681 conditor,

186 2710 277 2769 certe
300 2706 512 2766 conservator
534 2700 772 2785 restitutorque
800 2703 853 2766 sit.
899 2701 1006 2766 Ratio
1026 2701 1099 2768 haec
1120 2703 1289 2786 proditur,

185 2807 285 2892 quod,
309 2825 385 2871 curn
404 2805 449 2869 iis
472 2804 591 2868 diebus
612 2803 778 2869 Hercules
802 2805 907 2869 multo
930 2806 1096 2871 honorae
1119 2805 1290 2871 Romanis

186 2911 326 2987 colatur,
356 2909 416 2992 qui
445 2909 565 2972 saltem
594 2906 720 2989 hospes
743 2907 917 2971 advenerit
939 2909 971 2972 iu
994 2908 1154 2989 Italiam3
1179 2908 1289 2974 multo

186 3013 320 3094 aequius
347 3012 403 3087 sit,
434 3009 551 3073 eodem
574 3015 724 3092 tempore
752 3011 853 3075 etiam
882 3011 1015 3075 laudari
1039 3010 1288 3075 Maximianum

186 3113 401 3189 Herculium,
426 3112 484 3194 qui
499 3109 644 3194 majores
660 3114 801 3194 gesserit
819 3132 884 3189 res,
906 3121 941 3178 et
958 3111 1143 3194 insigniora
1163 3113 1291 3178 benefi-

186 3217 242 3282 cia
270 3215 468 3298 praestiterit
490 3214 623 3278 Romae.
668 3214 763 3279 Loco
779 3214 1038 3298 Propositiouis,
1054 3215 1290 3288 Mamertinus,

187 3339 263 3404 cap.
289 3335 329 3381 ιι.
351 3319 494 3401 primum
517 3317 729 3383 dubitatione
751 3327 787 3382 et
810 3320 1036 3402 praeteritioue
1059 3319 1172 3395 utitur,
1202 3318 1290 3382 uude

185 3423 334 3488 ordiatur
355 3421 484 3485 laudes.
540 3420 673 3486 Deinde
701 3421 901 3486 Maximiani
923 3442 975 3487 res
996 3421 1139 3504 imperio
1160 3429 1288 3502 gestas,

186 3531 344 3608 tanquam
368 3524 510 3607 tempori
533 3531 753 3605 congruenter
775 3524 1093 3600 commemorandas,
1114 3542 1174 3606 per
1196 3543 1289 3589 com·

186 3627 342 3716 pendium
365 3626 533 3710 proponit.
580 3625 619 3689 lu
635 3632 730 3711 parte
751 3627 861 3710 prima
876 3626 1119 3704 Tractationis,
1151 3646 1288 3709 genera·

185 3733 245 3798 tim
263 3730 420 3805 ostendit,
435 3729 681 3793 Maximianum
698 3741 718 3792 a
732 3728 945 3793 Diocletiano
959 3731 993 3793 iu
1005 3730 1135 3811 imperii
1152 3748 1288 3795 consors

72 3832 76 3837 ’
186 3835 270 3900 tium
302 3831 458 3908 ascitum,
488 3831 566 3913 plus
588 3830 758 3908 tribuisse,
785 3850 887 3914 quam
911 3832 1099 3914 accepisse,
1121 3832 1290 3910 beneficii,

187 3956 264 4019 cap.
284 3952 342 3998 ιιι.
388 3932 520 3996 Deinde
544 3933 739 3997 sententiam
760 3931 845 3997 hanc
868 3933 1014 3998 illustrat
1037 3936 1290 4017 comparatione

188 4037 393 4103 Maximiani
410 4056 485 4100 cum
502 4035 670 4118 Hercule;
685 4037 776 4118 quia,
792 4035 839 4100 uti
853 4035 1000 4101 uictori
1016 4038 1185 4119 gigantum
1200 4038 1290 4105 bello

187 4139 368 4218 laboranti,
392 4139 440 4204 ita
461 4138 520 4203 ille
544 4138 763 4205 Diocletiano
792 4158 892 4221 opem
912 4139 995 4204 ferre
1025 4158 1093 4204 non
1115 4141 1291 4205 recusarit.

189 4242 295 4312 Parte
311 4241 461 4307 secunda
479 4239 652 4307 coufirmat
673 4241 749 4308 haec
772 4242 893 4309 Orator
915 4243 1076 4328 singulari
1096 4242 1290 4311 recensione
