2730 4726
20 366 25 375 .
130 313 217 379 1588
535 327 669 407 narrar
697 326 832 376 raoa'rr
854 343 881 357 ·-

130 493 233 540 mana
248 472 307 537 diu
323 471 397 556 pila
410 477 585 536 cessemnt
600 470 686 535 ferro
701 472 955 554 ergastulorum.
998 471 1032 537 3.
1055 474 1146 554 Quis
1169 480 1238 544 non

131 582 174 646 ad
189 581 332 662 primum
347 581 427 642 novi
440 580 576 642 sceleris
588 580 738 642 nuntium
754 577 853 642 risiti
869 599 945 643 nam
958 599 1013 644 res
1029 581 1116 646 infra
1131 583 1239 664 digni·

130 691 236 749 tatem
262 681 444 746 iracundiae
466 682 656 756 videbatur,
677 701 754 745 cum
770 684 871 765 pauci
895 681 1059 762 homines,
1087 695 1122 748 et
1144 691 1238 750 insn-

128 787 198 851 lani
213 787 320 849 totius
332 785 522 848 incendium
537 785 738 849 continentis
753 785 937 860 adolerent,
950 792 985 851 ot
998 787 1104 867 regali
1119 788 1238 854 habitu

129 890 263 955 exulem
279 885 394 953 suumi
418 889 467 952 illi
482 889 601 953 exules
616 885 723 953 orbisj
740 889 927 953 induerent.
971 891 1004 953 4.
1028 891 1079 954 At
1091 899 1237 975 quantos

127 991 335 1075 parturiebat
367 990 517 1054 Fortuna
547 999 670 1068 motus,
697 999 860 1075 quantum
887 991 1087 1075 reipublicae
1114 994 1237 1058 malurn

128 1097 237 1180 pestis
253 1094 417 1176 augenda,
441 1101 600 1177 quantam
618 1092 680 1158 tibi
704 1094 843 1176 gloriam
860 1095 1100 1178 restinguenda
1125 1115 1235 1160 serva·

127 1199 213 1263 batl
237 1200 410 1281 praecipue
428 1216 504 1261 cum
520 1196 661 1279 perfidia
677 1194 825 1275 ducum,k
848 1197 1033 1262 delectione
1054 1199 1237 1281 legionum,

129 1310 248 1366 contra
262 1301 504 1385 rempublicam
520 1300 608 1364 foret
623 1320 766 1377 versum,
790 1300 954 1386 quicquid
976 1320 1038 1385 pro
1057 1303 1236 1386 republica

127 1402 427 1468 iueratarmatum.
1078 1477 1080 1484 .

173 1505 262 1570 Gar.
283 1522 397 1569 xxrv.
441 1503 475 1569 1.
499 1503 591 1568 Nolo
618 1512 731 1569 tamen
757 1525 1006 1591 usquequaque
1037 1492 1235 1574 miserorum

127 1609 182 1672 vel
199 1611 323 1673 sactum
339 1621 505 1685 onerare‚⁶
528 1608 718 1686 vellatum,
736 1608 888 1689 quidum
905 1608 1057 1674 oamifioi
1070 1629 1236 1695 purpura·

127 1717 176 1790 to,
191 1721 249 1776 tua
263 1732 300 1776 se
314 1722 349 1777 et
364 1710 528 1775 affinitate
543 1718 578 1775 et
590 1711 707 1775 favore
719 1711 879 1795 jactanti,
895 1710 1075 1775 infeliciter
1089 1713 1235 1792 credunt,

129 1817 365 1897 gravissimum
382 1815 530 1879 omnium
555 1814 651 1879 nefas
675 1815 826 1880 fecerunt
851 1815 971 1880 affectu
994 1815 1243 1891 innocentium.⁴

128 1919 160 1982 2.
184 1919 353 2002 Intelligo,
371 1939 471 2002 quam
487 1917 656 1981 difficilem
679 1919 713 1980 in
741 1918 849 1982 locum
868 1917 1158 2002 scopulosumque
1180 1918 1233 1984 de·

128 2024 296 2087 venerim:
311 2042 388 2086 nam
398 2041 473 2085 cum
484 2021 632 2085 revolvi⁵
647 2021 680 2084 id
694 2022 834 2085 lustrale
845 2016 1033 2102 justitium¹
1048 2041 1153 2086 aures
1166 2031 1232 2088 tuae

25 2148 29 2154 ·
126 2132 299 2209 respuant,
314 2124 431 2190 laudes
446 2129 583 2208 petant;
605 2123 788 2208 gloriaeque
801 2125 944 2203 intersit,
959 2123 1002 2187 ad
1014 2125 1232 2208 praesentium

128 2227 456 2292 commendationem
482 2228 644 2290 bonorum
669 2228 759 2291 mala
775 2228 922 2291 decursa
935 2227 1098 2309 reputari,
1120 2236 1233 2291 contra

128 2349 209 2395 vero
232 2331 409 2394 clementia
433 2349 561 2392 summa
592 2329 790 2392 beneficium
822 2348 919 2392 snum
949 2329 1044 2391 malit
1073 2329 1232 2407 imminui,

127 2453 227 2518 quam
240 2433 382 2498 tristium
397 2433 645 2496 enumeratione
660 2433 820 2495 cumulari
833 2444 864 2513 3⁶
879 2450 1021 2494 necesse
1036 2432 1099 2495 erit
1114 2452 1168 2495 me
1181 2431 1231 2498 vel

128 2543 289 2602 tacentem
309 2535 455 2618 >publica
474 2533 697 2613 incommoda,
714 2535 982 2618 relinquentem,
997 2538 1054 2597 aut
1069 2535 1231 2617 ingratum

128 2640 256 2713 virtuti,
270 2647 327 2703 aut
343 2657 518 2717 onerosum
535 2656 611 2700 esse
624 2636 751 2719 pietati.
796 2639 827 2700 3.
851 2636 918 2699 Sed
933 2647 1059 2712 tamen,
1084 2636 1231 2719 Impera·

126 2750 192 2819 tor,
219 2743 378 2825 exiguam
404 2739 561 2803 sensibus
587 2739 653 2802 tuis
680 2738 814 2822 injunge
841 2739 1060 2820 patientiam:
1097 2759 1177 2803 nam
1204 2739 1230 2804 si

127 2845 237 2908 dulcis
262 2845 297 2907 in
318 2843 415 2907 bonis
441 2841 649 2906 miseriarum
671 2840 859 2904 recordatio
874 2849 940 2918 est,
965 2841 996 2903 si
1011 2847 1137 2906 nautas
1150 2837 1231 2907 tem·

156 2988 169 3010 ⁰
184 2978 336 3040 aggravare.
402 2976 413 3008 θ
432 2977 624 3026 Commemorari.

160 3051 171 3076 θ
188 3045 266 3100 Quom
275 3045 369 3106 adjecta
380 3056 459 3091 rerum
471 3043 578 3090 tristium
589 3041 830 3102 adnationesoeduri.

581 3169 764 3191 ΙΙΝΙΝΟΙΝΟ

128 3252 196 3302 Edd.
215 3261 282 3304 vett.
300 3255 415 3303 bominem
429 3254 500 3311 siaiu
519 3267 576 3302 voc.
590 3252 706 3301 homiaem
719 3253 794 3301 deest
810 3253 837 3301 iu
854 3250 931 3300 codd.
949 3247 1045 3301 Scheff.
1061 3249 1231 3301 Schwarairo.

128 3319 189 3366 Vel.
209 3319 290 3366 Livio.
308 3332 333 3367 et
353 3319 516 3382 Guelpb.-d
534 3318 702 3367 Fortunatam
720 3319 805 3367 Livia.
820 3320 909 3366 malum
924 3319 985 3380 petit
996 3318 1107 3377 augendo
1122 3317 1233 3383 Guelpb·

123 3383 192 3443 soret
202 3389 320 3432 armatum
332 3385 392 3432 Ver.
405 3385 578 3443 Livinsuerut
590 3399 684 3432 verum
695 3385 762 3447 conj.
775 3384 853 3433 Grnt.
888 3383 953 3430 Vide
966 3383 1042 3431 Nott·
1054 3382 1119 3430 Var.

161 3449 231 3498 Car.
242 3463 321 3497 xxrv.
342 3455 352 3496 l
367 3451 482 3511 Guelpb.
494 3458 520 3496 at
532 3449 593 3497 edd.
608 3456 671 3496 vett.
688 3449 801 3514 affectum
811 3450 1001 3496 nocentium-2
1012 3446 1068 3495 Pro
1078 3449 1232 3510 scopulosus·

127 3515 380 3577 quadriennalis
396 3515 608 3577 scrupulorumque,
622 3520 667 3562 aut
677 3529 863 3577 scruposumque.
897 3513 969 3570 Mox,
981 3513 1094 3573 Guelpb.
1110 3515 1175 3562 iliud
1189 3513 1233 3561 lua·

128 3583 198 3630 trote.
227 3581 311 3629 Panlo
323 3590 391 3643 post,
401 3580 459 3629 cod.
472 3579 645 3628 Schwaraian.
656 3582 778 3641 ingratum
789 3579 945 3629 veritate-e
958 3577 1073 3642 Guelplr.
1084 3580 1233 3628 miseriorum

625 3694 733 3743 NOTAE

159 3785 167 3818 ¹
178 3786 266 3850 Saum]
284 3784 656 3848 Maximum,origineB1·itan·
698 3786 748 3841 dis,
761 3786 845 3851 inquit
856 3782 977 3847 vulgaria
987 3782 1106 3847 Prosper
1118 3783 1147 3833 in
1158 3785 1231 3835 Claro·

126 3875 196 3911 num.
697 3877 767 3912 nrco.

157 3937 165 3980 i
185 3940 275 3988 Exores
292 3938 367 4000 orbis]
384 3940 471 3987 ‘Toto
485 3938 581 3987 divisos
594 3937 657 3987 orbe
730 3935 1003 3998 lirntrnlejustitium]
1020 3935 1231 4002 Quinquenninm

126 4016 284 4073 Britannos,'
301 4017 393 4079 Virgil.
405 4017 462 4065 Ecl.
473 4029 492 4065 1.
504 4020 546 4063 67.
563 4022 591 4064 et
603 4016 659 4064 Ho·
699 4016 836 4078 intelligit,
848 4030 898 4079 quo
910 4028 956 4074 per
969 4013 1019 4061 vim
1032 4021 1060 4062 et
1071 4013 1174 4078 absque
1185 4014 1231 4063 ullo

128 4104 176 4143 rat.
199 4096 250 4144 Od.
270 4110 289 4144 r.
309 4099 351 4143 35.
369 4095 493 4144 ‘ultimos
514 4095 582 4142 orbis
600 4095 657 4142 Bri·
700 4094 785 4156 legum
804 4100 831 4140 et
848 4090 978 4156 aeqnitatia
997 4104 1047 4139 nau
1069 4092 1230 4153 tyrannidem

128 4173 239 4222 tannes!
700 4167 992 4232 Maximnsoccupavit.

159 4248 172 4282 k
183 4249 393 4314 Perfidiuducum]
408 4251 508 4315 Nempe
518 4247 659 4299 Merobau-

1269 3684 1277 3711 l
