2730 4726
180 412 183 416 ι
264 337 495 392 srnxrnrnuo
520 338 567 387 nu
592 336 874 389 cousrsuuruo:
915 337 965 385 ur.
987 319 1019 385 6.
1106 317 1192 386 1820

84 499 192 576 puero
217 480 356 570 galeam,
379 504 459 550 auro
482 484 689 568 gemmisque
711 482 910 558 radiantem,
932 486 965 545 et
984 479 1104 564 pennis
1118 479 1194 564 pul·

85 593 178 658 chrae
194 589 308 654 alitis⁸
324 588 542 652 eminentem:
564 592 604 649 ut
618 592 661 662 te,
671 585 762 669 quod
779 586 839 648 vix
854 584 926 648 ulla
941 589 1085 666 possunt
1099 584 1193 650 habi*

83 701 140 761 tns
163 697 361 757 ornamenta
384 695 558 772 praestare,
574 687 731 770 sponsale
744 705 876 755 ,munus
899 685 1005 751 faciat
1024 687 1193 769 pulchrio-

83 816 166 862 rem.
211 795 243 858 3.
269 794 474 856 Fortunatus
496 792 607 873 pictor
630 789 696 866 ille,
717 789 871 873 quisquis
891 788 966 866 furit,
989 797 1023 852 et
1038 789 1196 872 quamvis

83 893 266 979 Apelleml
287 895 400 978 ipsum
427 889 729 975 Parrhasiumquei
753 893 894 956 scientia
909 891 1039 968 vicerit,
1056 891 1194 956 materis

83 1005 198 1064 tamen
222 996 388 1080 imaginis,
404 1015 505 1081 quam
529 1001 611 1072 arte,
634 993 782 1059 felicior!
826 997 859 1060 4.
883 993 1085 1076 Quanquam
1107 995 1195 1058 euim

83 1100 155 1184 ipsi
178 1098 299 1176 ferant,
316 1096 549 1162 difficillimam
574 1115 649 1160 esse
672 1096 856 1180 praecipuae
872 1094 1040 1178 cujusque
1054 1091 1192 1160 formael

83 1201 319 1275 imitationem,
336 1201 415 1284 quia
430 1201 531 1264 certis
547 1198 601 1263 sui
615 1200 706 1262 notis
722 1199 791 1263 cito
807 1197 1002 1262 deformitas
1023 1197 1194 1280 exprima-

83 1309 149 1380 tur,
165 1302 352 1367 simili-tudo
378 1310 489 1366 tamen
514 1299 772 1384 pulchritudinis
795 1306 865 1363 tarn
888 1300 932 1363 sit
956 1298 1072 1375 ardua,
1091 1317 1194 1382 quarn

83 1422 162 1470 rara
174 1411 228 1469 est
239 1404 471 1488 pulchritudor
492 1404 525 1467 5.
540 1421 605 1466 non
622 1409 748 1466 tautum
765 1415 876 1466 tamen
890 1402 945 1469 ills
961 1401 1054 1484 cepit
1065 1400 1194 1465 laboris
1229 1417 1237 1480 j

83 1526 130 1572 cx
144 1522 203 1571 ore
219 1511 330 1571 vestro
345 1505 480 1571 divinas
496 1491 629 1588 species
644 1503 883 1582 transferendo,
894 1509 1057 1587 quantum
1074 1503 1193 1586 volup·
1263 1562 1265 1567 .

52 1651 55 1658 -
82 1609 162 1674 tatis
182 1607 300 1673 bausit
321 1609 474 1673 cominus
489 1626 552 1672 vos
575 1608 749 1686 intuendo,
768 1606 985 1691 inspiciendo
1001 1606 1144 1684 solicite,
1159 1611 1194 1670 et

82 1712 219 1775 curiose
235 1711 290 1800 ¹ab
319 1710 487 1774 hilaritate
516 1711 609 1774 illins
639 1712 754 1776 aetatis
788 1711 904 1776 vultus
940 1709 1131 1774 immobiles
1160 1713 1195 1774 ct
1290 1705 1292 1710 ’

83 1812 191 1877 serios
215 1810 391 1895 exigendo,
414 1813 599 1895 promendo
628 1813 776 1896 denique
805 1811 932 1876 amoris
956 1809 1059 1876 vestri
1087 1811 1214 1875 tacita·

81 2055 164 2107 habet
181 2055 304 2108 subclinat.
326 2055 441 2120 Gnelplr.
459 2058 566 2121 cuspin.
584 2072 665 2121 puero,
680 2059 846 2116 Constantine⁴
856 2058 959 2120 galeam.
986 2057 1050 2107 Vet.
1068 2055 1152 2105 Lirin.
1164 2059 1193 2110 et

83 2123 187 2173 Berlin.
203 2127 226 2172 et
242 2123 330 2185 pinnis.
355 2123 460 2174 Acidal.
479 2139 527 2187 pro
547 2125 695 2181 erninenterm
714 2123 785 2186 conj.
804 2126 941 2185 enitentem,
956 2123 998 2170 uel
1013 2122 1192 2172 emicantem.'-
1285 2179 1291 2184 ,

82 2191 97 2237 3
115 2190 224 2250 Apellam
234 2189 356 2251 ipsumque
374 2189 530 2239 Purrbcsium
546 2189 607 2237 edd.
619 2197 685 2238 vett·
709 2189 817 2252 Apellam
831 2190 916 2252 ipsum,
933 2192 1004 2250 utque
1021 2188 1054 2237 P.
1065 2188 1107 2235 vel
1118 2185 1192 2253 Apel-

82 2253 225 2319 lernipsusn,
237 2253 358 2315 ipsumque
378 2253 408 2302 Ρ.
426 2255 494 2317 conj.
511 2252 615 2304 Acidal.
633 2252 742 2316 Aprilem
760 2255 844 2316 ipsum,
859 2253 1062 2315 Parrhasiumque
1077 2251 1192 2314 Guelpbs

80 2315 157 2366 Idem
171 2317 255 2366 codex
267 2332 336 2379 mcx,
345 2319 447 2368 materia
458 2323 537 2368 tumen
546 2319 634 2380 nugis,
645 2333 715 2380 quum
725 2323 836 2368 urta-l
855 2318 921 2368 Edd.
934 2322 998 2368 vett·
1006 2317 1135 2380 precipue,
1143 2330 1191 2380 pre

81 2396 134 2446 quo
144 2382 272 2443 Bongars.
283 2382 351 2444 conj,
363 2385 501 2445 precipuus,
514 2383 679 2446 probantibus
692 2384 769 2434 Grnt.
781 2384 900 2432 etlinun.
943 2383 984 2431 uin
992 2381 1193 2431 certissuisnott'e

81 2447 130 2496 cito
140 2447 281 2506 desornsdus
289 2446 433 2509 exprimitur
443 2447 519 2496 codd.
532 2447 603 2498 Gnd.
615 2455 642 2497 et
654 2448 741 2499 Moerl.
767 2449 821 2498 Pro
832 2453 922 2509 tomen,
955 2447 1192 2509 reincorporentur.

80 2516 130 2560 -b
149 2512 238 2560 Moerl.
254 2521 282 2560 et
299 2511 414 2575 Gnelpb.
432 2527 478 2560 non
496 2518 574 2562 lumen
589 2512 629 2562 ille
645 2517 740 2563 tuntum
756 2514 828 2576 cepit.
846 2513 919 2560 ‘Pro
930 2516 1044 2575 quantum
1054 2511 1191 2560 diuinitatis

80 2575 172 2631 bausit,
185 2584 212 2623 ut
223 2575 318 2625 babent
335 2591 368 2626 ex
385 2577 462 2625 editis
483 2577 613 2640 plerique,
627 2577 771 2638 praeferunt
790 2578 870 2639 Cnsp.
891 2579 1006 2641 itemque
1025 2575 1100 2624 codd.
1119 2577 1192 2626 Bert.

82 2639 153 2690 (tud.
165 2640 227 2689 l’nt.
238 2641 324 2690 Moert.
342 2645 457 2704 quantum
475 2642 621 2705 uoluptatis3
640 2643 708 2704 qnod
725 2643 808 2691 altero
826 2643 880 2702 illo,
898 2642 941 2690 six
953 2641 1020 2690 bene
1032 2640 1191 2702 explicabili,

79 2705 184 2768 planius
196 2713 224 2754 et
235 2706 328 2753 melius
340 2704 440 2754 visum!
455 2707 548 2767 loger.
582 2705 737 2768 ‘Voluptatis
756 2721 814 2756 cum
832 2707 938 2768 lugere
954 2706 1083 2769 expressi,
1094 2704 1190 2754 rectius

79 2769 242 2832 precedenti
261 2770 348 2818 loboris
366 2769 534 2833 oppositum-⁹
551 2770 639 2821 Arutz.
660 2772 815 2836 inspiciendo,
831 2772 944 2820 intuendo
956 2770 1017 2819 edd.
1031 2776 1097 2819 vett.
1125 2770 1190 2820 inlu·

79 2836 149 2889 urdo,
166 2834 311 2895 inspiciendo
326 2835 387 2885 Vet.
406 2836 520 2895 Puteum
538 2835 641 2885 Bertin.
661 2844 688 2885 et
707 2835 821 2898 Guelpb.
839 2842 880 2886 tot
898 2835 1017 2884 codicum
1033 2835 1190 2883 auctoritate

79 2898 156 2949 cessi.
174 2901 261 2948 Arate.
288 2913 320 2948 ex
338 2898 464 2951 hilaritate
480 2899 594 2964 Guelpb.
623 2899 698 2964 Mos,
708 2902 734 2950 ln
746 2900 837 2950 eodem
848 2902 949 2960 codice,
958 2899 1189 2964 promerendsdeni·

79 2977 135 3029 Μ
145 2964 188 3025 10·
691 3000 694 3008 =
704 3027 708 3034 ,

582 3045 691 3096 ΝΟἸῈ

112 3147 126 3184 e
141 3138 255 3189 Pulclrae
266 3138 347 3204 olitis]
363 3140 495 3191 Pavonem
505 3148 615 3205 propter
655 3148 695 3192 set
712 3142 828 3208 Apelles,
838 3143 934 3193 Moests
947 3140 996 3193 sub
1007 3140 1133 3207 aquensis
1144 3141 1190 3193 ills

78 3215 178 3265 verium
191 3228 331 3278 pennarum
342 3213 469 3280 fulgorem
482 3218 614 3282 pulchrum
656 3218 751 3269 lateret
763 3219 856 3285 uqsue!

78 3291 309 3354 slltemsppellat.
688 3294 882 3360 ¹Parrlrosium]
916 3294 1069 3346 Parrhasius
1096 3294 1188 3346 iridens

111 3365 255 3434 lApellen]
276 3366 382 3430 Apelles
394 3367 541 3430 pictorfuit
560 3369 615 3420 exi·
656 3371 1190 3438 pietorfuiteeleberrimus,putrispre·

79 3444 157 3504 mins,
169 3445 256 3506 putria
275 3446 353 3495 Cous.
389 3445 440 3497 Cos
456 3453 542 3497 utitem
562 3463 614 3498 una
656 3464 696 3504 so,
716 3450 759 3512 qni
778 3464 837 3501 cnm
857 3448 1017 3511 depicturus
1035 3448 1188 3500 laudeeum

77 3535 113 3573 ex
135 3519 227 3570 insulis
251 3520 410 3586 Cycladibus
428 3528 477 3571 est.
511 3523 538 3572 Is
560 3524 613 3585 pic·
654 3524 772 3575 Zeuxide
784 3524 971 3586 contendisset,
990 3525 1062 3589 isque
1073 3525 1130 3575 urle
1142 3540 1188 3590 sp·

78 3602 147 3647 turoe
157 3596 308 3660 plurssolus
318 3610 399 3660 prope
407 3598 528 3659 contulit,
536 3613 613 3661 quum
654 3608 719 3652 teet
739 3617 773 3652 ex
792 3609 848 3652 arte
869 3602 946 3664 pictis
964 3602 1187 3663 avesfefelllsset3
1210 3615 1214 3618 ·

77 3672 162 3724 ceteri
191 3685 290 3721 omues.
338 3671 438 3723 Flornit
469 3671 613 3725 Alexandri
654 3679 807 3729 Parrbasiae
819 3693 871 3728 nou
883 3692 946 3727 ures
958 3679 1120 3741 tsntrrm,sed
1131 3679 1186 3728 lurr-

78 3747 234 3800 Msoedonis
254 3748 426 3811 temporibus.
446 3751 491 3815 qui
510 3758 612 3802 tuntum
653 3753 694 3804 dis
705 3768 759 3802 sure
777 3754 897 3804 aenrnluur
917 3753 999 3804 linteo
1016 3767 1127 3817 aspersu
1140 3753 1186 3804 ds·

77 3825 116 3877 illl
128 3824 230 3879 tribuit,
241 3831 271 3874 nt
282 3825 314 3874 sb
327 3839 377 3875 unu
390 3827 435 3876 illo
448 3828 557 3889 pingius
568 3842 613 3878 vo·
653 3830 734 3891 cepit.
748 3862 751 3870 .
767 3829 842 3879 Vixit
855 3829 1003 3890 paniosate
1017 3831 1145 3891 Apellem.

76 3902 166 3954 lussit.
199 3900 317 3951 Moriens
325 3901 456 3953 Venerem
466 3904 611 3968 Coisqnum
682 3905 840 3971 lPraesiprue
851 3905 994 3971 [muripus]
1009 3905 1121 3970 sidusque
1128 3906 1186 3967 fur*

75 3978 212 4029 inchoarat
235 3977 342 4042 reliquit
356 3977 547 4042 imperfectum,
569 3982 610 4032 uel
651 3981 707 4045 utu]
727 3982 795 4046 begs
805 3996 864 4032 curn
877 3979 996 4033 Acidalio
1005 3981 1139 4046 prmoipuoe,
1158 3983 1183 4033 id

76 4056 115 4122 ste
127 4060 214 4107 tsureu
227 4054 265 4104 lta
276 4061 445 4120 prestantem
455 4065 485 4106 nt
496 4071 552 4108 euru
565 4072 610 4108 ue·
651 4065 701 4114 est,
710 4058 870 4121 praestsutls,
881 4067 908 4106 et
920 4057 1031 4106 eximis.
1065 4057 1140 4114 Mox,
1150 4060 1184 4126 sl.

75 4145 120 4181 mo
132 4130 217 4193 pictor
229 4130 350 4179 srrsnssit
363 4131 507 4182 absolvere.
531 4133 610 4185 Ouid.
639 4123 760 4185 'mititudo
778 4140 876 4192 tenens
902 4133 970 4196 lege,
988 4132 1120 4184 similitudo
1139 4151 1182 4188 su·

72 4206 122 4258 ‘Si
142 4219 275 4266 uunquam
292 4206 421 4257 verterem
440 4207 501 4264 Cois
514 4208 610 4273 piuxls·
649 4215 706 4262 tem.

142 4285 230 4350 Delpt.
243 4289 266 4335 et
279 4284 413 4337 Vunt'lcs.
550 4277 647 4354 Purser.
662 4290 716 4342 Vel·
1058 4294 1116 4345 ΛΡ
1210 4303 1212 4307 “
