2730 4726
363 260 605 356 consensero
630 301 791 352 ansani.
830 286 932 352 nli.
1105 287 1192 355 1291

88 450 228 516 ercitata
256 447 437 527 Piratico‚¹’
462 453 496 512 et
520 447 677 532 propiore
703 446 960 527 Mithridatico,q
990 467 1060 512 non
1083 452 1191 532 magis

89 552 238 617 terrestri
254 571 355 634 quam
371 551 483 615 navali
498 571 563 615 usu
578 551 721 633 vigebat.
764 552 797 615 4.
820 549 874 615 Ad
886 550 971 615 hoc‘
986 546 1077 615 natio
1091 551 1192 616 etiam

89 661 173 719 tnnc
198 655 304 731 rudis,
329 659 363 717 et
388 655 471 717 solis
496 653 649 717 Britanni
673 653 801 717 Piclis⁸
827 653 930 717 modo
954 659 988 717 et
1012 653 1193 716 Hibernis‘

89 755 222 820 assueti
244 754 412 832 hostibus,
434 754 545 819 adhuc
571 754 748 830 seminudi,
770 755 870 821 facile
895 755 1061 819 Romanis
1090 755 1192 818 armis

90 858 264 940 signisque
285 864 481 920 cesserunt:
505 877 612 941 prope
635 866 672 921 ul
693 856 757 921 hoc
777 878 844 922 uno
866 856 982 922 Gaesar
1002 856 1135 937 gloriari
1158 858 1192 920 in

88 961 149 1026 illa
163 958 381 1043 expeditione
396 959 560 1036 debuerit,
575 959 667 1041 quod
686 959 880 1041 navigasset
893 959 1078 1023 Oceanum.
1179 1045 1180 1049 Ἰ

135 1062 227 1128 Gar·
243 1077 316 1124 xrr.
338 1063 368 1124 l.
384 1061 459 1125 Isto
472 1080 550 1126 vero
562 1061 688 1125 nefario
698 1062 879 1127 latrocinio
891 1060 1039 1126 abducta
1051 1061 1192 1145 primum

90 1185 112 1230 a
127 1164 274 1246 fugiente
288 1162 419 1247 pirata²
434 1163 571 1241 classe,⁶
593 1183 670 1246 quae
686 1163 765 1226 olim
781 1162 915 1228 Gallias
930 1163 1095 1240 tuebatur,
1111 1163 1193 1229 aedi·

89 1266 266 1348 ficatisque
291 1275 456 1348 praeterea
481 1264 635 1348 plurimis
656 1266 689 1328 in
710 1273 860 1328 nostrum
881 1264 1015 1328 modum
1037 1264 1192 1344 navibus,

90 1373 257 1449 occupata
282 1366 414 1448 legione
440 1366 610 1441 Romana,
633 1366 826 1431 interclusis
852 1367 985 1450 aliquot
1005 1368 1194 1450 peregrino*

91 1488 164 1532 mm
188 1468 328 1532 militum
351 1470 476 1546 cuneis,
496 1468 683 1533 contractis
703 1467 746 1532 ad
767 1468 932 1533 delectum
954 1469 1193 1533 mercatoribus

92 1559 292 1648 Gallicanis,
320 1571 499 1635 solicitatis
532 1591 595 1655 per
622 1572 733 1655 spolia
757 1572 906 1656 ipsarum
931 1571 1193 1654 provinciarum,

91 1691 156 1736 non
172 1672 396 1737 mediocribus
411 1673 521 1756 copiis
535 1674 762 1749 barbarorum,
779 1680 879 1755 atque
898 1672 949 1737 his
972 1674 1128 1738 omnibns
1149 1674 1194 1738 ad

91 1773 208 1839 munia
231 1775 369 1839 nautica
390 1775 508 1858 flagitii
531 1775 624 1840 illius
647 1777 800 1843 auctoris
822 1776 1013 1858 magisterio
1041 1776 1192 1854 eruditis,

126 1973 137 2007 ⁵
156 1974 321 2036 Cacnsagiena
329 1974 412 2039 pirata
421 1976 517 2028 elacrem
527 1977 630 2042 primum
640 1976 788 2028 ubducieret.

94 2222 118 2269 et
134 2216 245 2282 propiore
256 2219 295 2268 M.
309 2217 413 2269 (inda.
432 2220 495 2269 Vct.
516 2220 632 2268 Putean.
647 2217 754 2280 Cuapin.
771 2219 833 2268 Vct.
848 2218 951 2269 Berlin.
971 2224 998 2268 et
1011 2217 1105 2267 vienn.
1124 2217 1194 2270 unda

93 2283 179 2332 Lirin·
189 2283 260 2347 conj.
271 2289 294 2333 et
303 2284 382 2344 priore
393 2285 481 2334 Μ.-4
490 2284 531 2333 Aa
541 2284 585 2333 boe
595 2284 668 2333 etium
679 2285 747 2334 natio
756 2285 856 2333 Berlin.
890 2285 964 2347 Mox,
977 2284 1108 2333 Acidaliae
1120 2285 1194 2350 legit,

95 2348 173 2396 Pietia
183 2350 251 2396 medo
265 2354 287 2396 et
301 2349 419 2398 Hibernia
433 2354 528 2398 assueta
539 2349 695 2409 instituerat
706 2349 749 2398 leue
760 2351 884 2404 seminudi,
895 2356 920 2399 et
929 2349 974 2399 aeli
982 2349 1100 2398 Britanni
1109 2350 1196 2412 faule,

91 2415 133 2476 qe.
151 2412 211 2462 edd.
224 2419 286 2462 rell.
303 2418 328 2462 et
343 2414 389 2462 ruli
396 2429 407 2472 ,·
429 2413 557 2463 Sclrwarz.
569 2429 583 2462 e
593 2413 651 2462 cod.
661 2414 776 2477 Guelpb.
791 2420 815 2464 et
825 2415 892 2475 colb,
910 2414 976 2478 quod
987 2415 1087 2475 recepit
1098 2416 1195 2478 Jagcr.

91 2482 208 2592 graeltql.
221 2510 228 2525 .
240 2510 247 2526 .
258 2478 387 2527 seminudis
403 2478 464 2528 edd.
483 2487 548 2528 rell·
580 2479 667 2527 amarti
683 2479 795 2544 Guelplr.
828 2481 943 2529 seminudi
960 2481 1020 2529 Vct·
1037 2480 1151 2529 Putean.
1167 2489 1196 2530 et

119 2556 151 2590 ue
164 2556 180 2603 p
201 2574 207 2590 .

125 2606 194 2656 Car.
207 2605 267 2655 xm·
284 2610 297 2654 1
309 2604 380 2655 Gud.
390 2623 406 2654 a
415 2606 440 2665 s.
450 2605 554 2669 piratica
565 2607 648 2656 elaeae.
671 2607 738 2657 Edd.
750 2615 816 2657 velt.
829 2607 956 2672 edificatio
965 2613 1096 2669 pretercn3
1111 2605 1142 2656 ri
1151 2624 1195 2672 quc

91 2669 211 2720 inserunt
222 2670 299 2719 codd.
310 2671 413 2720 Berlin.
423 2671 494 2720 Gud.
507 2675 531 2721 1.
543 2675 568 2720 2.
581 2681 607 2721 ct
619 2672 705 2721 Moerl.
721 2675 812 2735 aliquot
822 2673 896 2722 deest
908 2675 933 2722 in
946 2674 1060 2735 (luelpb.
1077 2675 1108 2721 ad
1117 2674 1194 2722 delie-

91 2741 144 2785 tane
154 2736 213 2784 cod.
221 2736 394 2785 Sclrrrarzian.
409 2740 481 2797 utque
489 2735 520 2784 iia
531 2737 638 2786 omuibus
649 2737 709 2786 edd.
721 2744 786 2787 vett.
802 2743 874 2801 atque
882 2738 919 2787 leia
929 2738 1101 2786 tinnitusVet.
1110 2736 1194 2786 Lirin.

92 2809 120 2850 cl
128 2801 244 2864 Guelplr.
261 2806 382 2850 anetarum
393 2800 533 2862 magisterio
545 2802 606 2852 edd.
616 2803 734 2866 quadam
744 2809 809 2853 rell.
825 2803 928 2852 acetaria
939 2817 970 2852 nr.
978 2803 1078 2852 Berlin.
1087 2801 1195 2866 Cuspin.

590 2964 697 3016 NOTAE

91 3092 144 3144 quo
158 3077 292 3128 Cornelius
309 3077 396 3142 Scipio
412 3077 572 3136 AEmilianns,
591 3079 625 3130 Q.
665 3078 747 3130 Pictis
757 3078 834 3129 modo
845 3084 873 3129 et
884 3076 1008 3128 Hibernia
1024 3081 1126 3126 maneta
1136 3075 1203 3144 hos-¹

91 3152 226 3217 Metellus,
244 3163 322 3221 alque
340 3154 458 3219 inprimis
478 3156 511 3207 Q.
528 3155 624 3205 Fabius
666 3156 746 3214 tibur,
763 3157 795 3206 ad
813 3158 861 3206 hoe
878 3155 1014 3218 seminudi,
1025 3163 1054 3205 et
1070 3154 1118 3204 coli
1137 3155 1195 3204 Bri·

91 3230 251 3282 enituerunt.
284 3232 373 3281 Tertio
394 3239 453 3294 post
473 3245 539 3281 anno
558 3232 624 3281 desi·
667 3234 737 3282 tanni
751 3232 828 3282 facile
841 3230 965 3281 Romania
977 3231 1053 3280 armis
1064 3231 1195 3295 signisque

92 3316 149 3358 tum
164 3316 214 3357 est.
247 3309 287 3357 De
302 3309 352 3370 bis,
364 3308 425 3357 ilem
442 3316 470 3357 et
484 3308 517 3358 de
529 3307 624 3358 Asiati·
665 3306 818 3358 cesserunt!

92 3384 131 3435 cia
142 3384 226 3439 bellis,
239 3384 299 3433 ride
312 3385 423 3439 Florum,
434 3387 484 3434 lire.
697 3391 706 3417 ¹
722 3383 813 3447 Pictis]
832 3380 901 3432 Picti
913 3380 1002 3445 populi
1018 3389 1078 3431 aunt
1093 3381 1197 3447 Scoliae,
1259 3392 1262 3399 '

125 3467 139 3501 Ρ
158 3460 277 3523 Pirntice]
294 3458 317 3508 Α
329 3461 455 3522 Pompeio
472 3467 546 3523 gesto
558 3475 625 3511 auno
666 3459 702 3510 cia
711 3459 810 3508 Tarum
822 3457 938 3507 flurium.

92 3537 126 3587 U.
140 3537 172 3585 C.
184 3549 328 3586 cccxxxv.
345 3537 413 3585 Vide
426 3539 539 3586 Florum.
696 3538 705 3571 t
724 3536 850 3599 Hibernia]
868 3535 964 3599 Populi
981 3534 1089 3585 insulam
1104 3533 1195 3584 oceani

124 3621 137 3656 a
155 3611 338 3676 llfitbridatiee]
352 3612 427 3662 Quod
435 3612 517 3676 jama
532 3614 624 3662 ercul·
665 3612 810 3662 Britannici
831 3611 975 3661 incolentes
998 3624 1049 3659 nou
1072 3610 1194 3660 minorem

91 3689 117 3739 lo
135 3696 164 3737 et
182 3686 289 3736 Metello
301 3696 413 3750 creptum
429 3689 495 3736 idern
514 3688 625 3753 Pompe·
665 3688 770 3752 Augila.

93 3764 131 3813 ina
150 3776 217 3812 anno
235 3764 355 3828 sequenti
371 3761 484 3812 feliciter
501 3764 625 3815 confecit.
697 3771 710 3799 ⁸
726 3764 828 3829 Piretn]
846 3762 979 3821 carausio,
997 3762 1040 3827 qui
1057 3760 1090 3810 ad
1108 3759 1195 3825 profli-

93 3840 195 3890 Flerus.
666 3841 764 3904 gendos
775 3840 865 3890 occani
877 3839 1018 3889 Britannici
1029 3839 1127 3901 piratas
1136 3851 1195 3886 cum

123 3916 187 3965 'Ad
196 3913 251 3977 lue]
262 3915 379 3964 Duarum
388 3915 534 3964 vocularum
543 3922 624 3966 trane·
666 3918 746 3966 classe
762 3931 777 3964 a
791 3915 912 3964 Romanis
926 3912 1125 3978 imperatoribus
1138 3913 1195 3961 mia·

94 3992 190 4056 positio
207 3992 392 4040 obscuritatem
409 3990 469 4040 truie
486 3982 624 4042 sententiaa
665 4007 718 4054 sur,
729 3993 784 4057 ipre
796 3991 931 4056 piraticam
942 3990 1089 4039 exercebat.
1117 3988 1195 4040 Hunc

93 4067 248 4125 indefinita
259 4067 396 4116 verebare
408 4067 520 4116 restituit
530 4067 625 4118 Acida·
664 4067 747 4136 iprum
759 4081 820 4119 mox
831 4073 839 4097 ’
849 4063 1047 4131 archipiratam'
1061 4063 1158 4117 vocat.'

93 4147 161 4208 liua;
178 4143 237 4195 ‘Ad
248 4144 296 4194 boe
307 4143 378 4194 natio
387 4143 465 4194 etiarn
474 4151 536 4196 tuuc
545 4145 626 4209 rudia,
686 4161 690 4168 ·
1191 4140 1194 4145 ’
